3514 5288
793 335 1078 406 -45-.

235 514 331 598 igitur
361 516 439 580 illud
463 517 583 594 ,multis
607 517 673 600 iam
696 516 830 598 frigidus
854 515 958 582 annis‘
987 517 1093 582 dicere
1116 537 1183 581 non
1206 516 1358 594 licuisset,
1384 516 1410 580 si
1434 516 1563 583 duobus

234 605 285 669 vel
308 609 463 686 quattuor
486 605 581 670 annis
603 610 678 689 post
702 601 847 686 (65-68
869 627 902 689 p.
926 605 1001 670 Chr.
1025 604 1071 686 n.)
1093 605 1237 671 Aetnam
1260 607 1468 675 condidisset.

345 695 414 760 Iarn
437 695 617 774 videamus,
643 699 755 760 utrum
777 697 872 760 nobis
895 695 992 760 liceat
1007 696 1148 760 Aetnam
1164 699 1238 778 post
1252 694 1392 760 Neronis
1417 699 1561 761 aetatem

234 783 406 848 detrudere
430 803 541 849 necne.

342 875 451 956 Atque
474 874 541 939 iarn
561 873 797 939 Kruczkiewicn
818 874 950 956 negavit
971 872 1050 938 illud
1074 893 1208 942 carmen
1229 877 1304 956 post
1319 872 1457 956 Augusti
1479 878 1563 938 tem-

232 980 313 1042 pora
337 962 557 1045 conscriptum
581 982 662 1041 esse,
687 982 762 1027 curn
782 961 851 1027 Coa
865 963 988 1046 Apellis
1004 962 1124 1042 Venus,
1150 983 1251 1048 quarn
1266 966 1470 1045 spectaturos
1493 965 1563 1029 Ro·
1610 975 1613 980 ’

231 1069 347 1116 manos
387 1051 576 1120 difficillima
607 1057 707 1134 atque
743 1053 1018 1135 periculosissima
1055 1053 1175 1118 itinera
1209 1053 1315 1118 iacere
1354 1057 1451 1135 poeta
1487 1053 1564 1118 dicit

232 1136 274 1221 (v.
300 1135 386 1224 595),
417 1141 483 1206 iam
513 1142 555 1206 ab
583 1144 730 1224 Augusto
761 1162 779 1206 a
804 1141 878 1206 Cois
908 1146 1019 1224 empta
1050 1145 1082 1206 et
1104 1143 1249 1208 Romam
1278 1142 1438 1207 translata
1466 1146 1562 1208 esset.

231 1228 271 1294 ci.
295 1231 403 1296 Strab.
428 1230 510 1307 XIV,
534 1233 565 1310 A,
594 1234 651 1308 19;
675 1231 757 1296 Plin.
781 1229 820 1295 N.
847 1231 888 1295 H.
914 1232 966 1310 35,
992 1232 1044 1295 91.

341 1319 436 1398 Quod
453 1324 681 1406 argumentum
701 1320 870 1402 Waglerus
894 1313 926 1404 (l.
944 1339 970 1385 c.
988 1341 1019 1402 p.
1038 1313 1091 1402 63)
1115 1321 1162 1385 ita
1178 1321 1352 1404 infringere
1368 1321 1559 1399 conabatur,

230 1411 265 1473 ut
289 1409 410 1474 diceret
432 1413 575 1493 poetam,
593 1430 667 1475 curn
682 1410 838 1474 scriberet
855 1409 1035 1487 ,currimus‘
1061 1407 1103 1490 (v.
1122 1411 1199 1484 572)
1225 1415 1257 1476 et
1274 1411 1391 1493 ,putas‘
1408 1406 1450 1491 (v.
1470 1407 1560 1492 600),

230 1517 344 1563 omnes
366 1499 516 1564 homines
539 1499 734 1564 intellexisse
758 1499 966 1581 maximeque
990 1499 1140 1564 Graecos
1188 1499 1253 1564 Sed
1284 1500 1311 1564 si
1341 1505 1458 1582 poetae
1486 1519 1561 1564 cum

231 1585 360 1652 Graecis
383 1605 435 1655 res
459 1588 582 1668 fuisset,
607 1589 767 1653 Graecum
791 1607 922 1653 carmen
948 1588 976 1652 ei
999 1588 1208 1669 pangendum
1234 1589 1304 1654 luit.
1339 1587 1422 1654 Cum
1446 1592 1559 1653 autern

229 1675 380 1742 Romana
410 1677 519 1760 lingua
548 1697 680 1762 carmen
711 1677 900 1754 condiderit,
934 1677 1070 1742 dubium
1101 1697 1168 1741 non
1199 1682 1257 1756 est,
1289 1679 1367 1761 quin
1390 1678 1560 1742 Romanos

229 1765 387 1831 allocutus
417 1767 468 1830 sit.
533 1766 640 1850 Atque
671 1768 743 1850 quis
773 1784 839 1832 non
869 1766 1024 1849 intellegit
1053 1766 1198 1848 ineptum
1230 1787 1300 1832 esse
1333 1767 1557 1850 interpretari:

229 1853 334 1931 Quin
369 1857 498 1920 etiarn
533 1855 685 1921 Graiae
715 1856 854 1922 tabellae
877 1857 959 1921 fixos
990 1855 1343 1932 tenuere·,Graios‘?
1389 1857 1495 1921 Etiam
1517 1857 1560 1921 ad

226 1943 304 2008 illud
326 1944 499 2026 Waglerus
523 1945 674 2028 confugit,
699 1951 735 2010 ut
758 1950 892 2028 poetam
914 1947 948 2009 in
971 1945 1078 2010 Sicilia
1101 1945 1297 2010 scribentem
1321 1946 1466 2026 fingeret,
1492 1947 1554 2023 cui,

228 2052 299 2098 cunr
331 2033 420 2098 illam
451 2034 606 2099 tabellam
638 2036 765 2100 Rornae
795 2036 997 2117 propositam
1028 2034 1138 2098 videre
1171 2035 1277 2112 vellet,
1310 2034 1557 2112 ,conficiendum

227 2142 305 2188 sane
336 2128 404 2188 erat
436 2123 497 2187 iter
526 2124 652 2206 longius
683 2128 715 2189 et
744 2122 1022 2188 transmarinum‘.
1069 2122 1164 2188 Certe
1188 2123 1295 2188 Siculo
1313 2123 1456 2188 Romam
1480 2145 1557 2206 pro-

225 2211 379 2277 ficiscenti
413 2214 484 2291 ,iter
508 2213 633 2295 longius
664 2217 696 2277 et
717 2213 976 2277 transmarinum
999 2213 1235 2278 conficiendum
1266 2212 1356 2289 erat‘,
1388 2218 1422 2279 at
1448 2214 1559 2278 hercle

228 2301 256 2364 ei
281 2321 347 2366 non
373 2302 580 2380 ,currendum
605 2306 675 2366 erat
697 2303 848 2366 traducto
872 2302 1004 2367 maria
1028 2322 1066 2368 ac
1089 2307 1194 2368 terras
1216 2322 1276 2386 per
1298 2301 1448 2385 proxima
1472 2302 1558 2367 fatis*

227 2385 269 2470 (v,
295 2385 485 2475 571-57a)
511 2395 608 2470 ,terra
632 2391 797 2474 dubioque
820 2389 978 2474 marique‘
1003 2390 1047 2473 (v.
1072 2392 1162 2474 600).

338 2481 404 2546 Sed
427 2482 493 2546 iarn
517 2481 610 2546 novis
633 2481 733 2546 armis
756 2481 969 2563 pugnandum
994 2485 1051 2546 est.

337 2569 440 2647 Quem
466 2570 693 2635 universorum
718 2570 926 2648 Graecorum,
955 2590 1053 2654 quem
1078 2569 1261 2635 Siculorum
1284 2570 1457 2658 Waglerus
1488 2573 1557 2635 tarn

225 2677 384 2724 vesanum
407 2659 506 2724 fuisse
529 2663 632 2741 putat,
657 2662 694 2722 ut
716 2678 847 2723 summa
880 2659 966 2724 vitae
996 2659 1140 2742 pericula
1171 2660 1305 2734 subiret,
1336 2679 1403 2723 non
1434 2659 1557 2741 Apellis

224 2747 383 2812 Venerem
416 2750 474 2813 sed
503 2768 564 2831 pro
588 2768 627 2813 ea
660 2748 758 2813 aliam
781 2748 934 2813 Dorothei
967 2767 1068 2813 manu
1092 2748 1302 2813 substitutam
1326 2752 1556 2830 spectaturus?

338 2837 424 2902 Nam
449 2839 514 2903 iam
530 2837 669 2903 Neronis
692 2838 895 2920 temporibus
918 2838 1007 2903 illam
1025 2837 1239 2902 clarissimam
1256 2837 1377 2920 Apellis
1401 2838 1558 2903 tabellam

227 2925 312 2991 carie
336 2926 517 2992 confectam
541 2947 613 2992 esse
636 2926 760 2991 Plinius
783 2928 822 2992 N.
848 2928 889 2992 H.
914 2928 967 3004 35,
992 2928 1031 2992 91
1058 2931 1197 2992 testatur
1227 2927 1278 2991 bis
1301 2927 1426 2992 verbis:
1460 2925 1556 3006 ,Con-

228 3016 334 3081 senuit
357 3016 438 3082 haec
461 3017 575 3082 tabula
598 3016 683 3081 carie
707 3017 871 3098 aliamque
901 3034 961 3099 pro
991 3037 1031 3082 ea
1061 3016 1229 3083 substituit
1258 3017 1345 3081 Nero
1372 3017 1558 3099 principatu

226 3124 286 3170 suo
308 3105 464 3170 Dorothei
487 3105 610 3172 manu‘.

337 3195 416 3260 Inde
439 3194 532 3262 facile
549 3195 655 3279 quivis
672 3194 801 3277 colligat
824 3197 955 3277 poetam
971 3198 1046 3277 post
1060 3193 1199 3260 Neronis
1218 3199 1362 3261 aetatem
1385 3196 1467 3260 haec
1491 3215 1557 3260 non

226 3303 467 3366 conscripsrsse.
724 3361 728 3368 ,

336 3373 445 3455 Atque
469 3394 543 3439 cum
565 3373 642 3438 illud
667 3377 793 3439 constet
815 3379 934 3456 poema
956 3372 996 3436 de
1011 3373 1119 3438 Aetna
1142 3376 1253 3444 monte
1275 3372 1362 3437 intra
1385 3391 1488 3437 annos
1514 3373 1556 3437 65

225 3466 257 3526 et
289 3463 330 3527 79
361 3483 392 3544 p.
424 3461 499 3527 Chr.
529 3483 562 3528 n.
592 3464 750 3546 scriptu'rn
780 3482 846 3527 non
877 3482 958 3542 esse,
989 3463 1057 3526 iam
1086 3481 1293 3545 quaeramus,
1326 3481 1392 3544 quo
1422 3461 1557 3526 tandem

222 3555 372 3633 ternpore
396 3552 563 3617 conditum
587 3552 636 3617 sit.

334 3640 428 3705 Hanc
458 3662 528 3706 rem
559 3641 639 3705 rnibi
668 3641 821 3707 tractanti
851 3640 1123 3724 proficiscendum
1155 3643 1204 3703 est
1235 3641 1277 3704 ab
1302 3640 1427 3705 Aetnae
1451 3639 1554 3705 versi-

223 3731 284 3795 bus
309 3730 496 3795 594-598.

335 3820 417 3884 Illud
448 3820 514 3885 iarn
537 3819 700 3902 Hauptius
730 3816 853 3903 (opusc.
877 3818 915 3885 II.
940 3838 971 3901 p.
1001 3815 1075 3899 165)
1106 3817 1194 3894 vidit,
1228 3822 1360 3900 poetam
1391 3819 1454 3883 hoc
1484 3818 1555 3882 loco

221 3908 345 3992 Apellis
368 3907 470 3974 Coam
493 3909 663 3985 Venerem,
688 3909 892 3974 Timomachi
915 3908 1063 3972 Medeam
1089 3910 1120 3970 et
1143 3907 1327 3972 Thnanthis
1342 3907 1553 3990 iphigeniam,

223 3998 340 4063 deinde
363 3998 515 4064 buculam
539 3998 683 4081 Myronis
707 4000 874 4080 attingere.
921 3998 1045 4062 Eadem
1069 3996 1231 4061 Brunnius
1267 3996 1473 4079 (Geschichte
1497 3998 1556 4061 der

223 4088 341 4169 griech.
365 4087 520 4152 Krinstler
543 4089 569 4152 ll
592 4110 624 4172 p.
649 4088 702 4167 82,
730 4089 801 4165 186,
829 4079 903 4171 138)
929 4087 1144 4152 confirmavit.

334 4177 468 4261 Scripsit
491 4177 587 4260 igitur
609 4182 706 4262 poeta
729 4178 811 4242 haec
835 4197 874 4242 eo
897 4180 1053 4259 ternpore,
1078 4195 1143 4260 quo
1159 4175 1319 4240 Romanis
1341 4179 1430 4240 terra
1453 4176 1553 4241 mari-

222 4285 285 4350 que
315 4267 432 4332 itinera
461 4267 737 4351 periculosissima
765 4266 913 4332 facienda
937 4269 1039 4345 erant,
1071 4269 1108 4330 ut
1141 4266 1213 4330 illas
1235 4266 1479 4330 laudatissimae
1503 4269 1554 4332 ta-

222 4357 323 4421 bellas
346 4358 498 4422 viserent.

332 4448 440 4528 Atque
463 4467 503 4511 ex
526 4445 689 4511 Ciceronis
713 4445 802 4511 Verr.
826 4445 878 4524 IV,
903 4446 946 4509 60
970 4444 1165 4526 intellegitur
1189 4464 1276 4509 anno
1300 4466 1330 4510 a.
1347 4442 1422 4508 Chr.
1448 4465 1479 4509 n.
1500 4445 1551 4524 70,

220 4554 285 4619 quo
312 4536 484 4618 Vergilium
507 4540 623 4601 natum
647 4555 717 4600 esse
742 4537 878 4614 constat,
901 4534 1025 4617 Apellis
1040 4534 1202 4598 Venerem
1218 4533 1275 4598 Coi
1299 4533 1408 4614 fuisse,
1434 4534 1550 4599 Timo-

221 4625 329 4691 machi
352 4626 500 4692 Medeam
523 4624 639 4708 Cyzici,
665 4624 807 4710 Myronis
830 4624 985 4690 buculam
1007 4621 1186 4706 Athenis¹).

329 4762 338 4792 ¹
341 4779 350 4842 y
365 4764 424 4831 Qua
438 4766 468 4821 in
479 4765 547 4821 urbe
556 4763 713 4820 Timanthis
722 4760 872 4835 Iphigenia
881 4762 1025 4835 proposita
1035 4762 1128 4830 luerit,
1139 4755 1273 4819 memoria
1283 4762 1426 4833 proditum
1435 4777 1492 4818 non
1503 4764 1553 4819 eat.
