3514 5288
809 369 1025 438 -as-

364 548 570 614 Semotum
595 570 615 615 a
639 551 751 614 curis
774 550 894 616 adhibe
917 570 1055 616 veram
1079 551 1128 616 ad
1151 551 1367 616 rationem.

363 638 401 716 ΙΙ,
427 639 445 702 7
471 658 564 721 sqq:

365 727 443 793 Sed
471 728 529 793 nil
563 727 726 793 dulcius
756 732 834 808 est,
865 729 971 794 bene
1002 748 1122 813 quam
1153 729 1312 794 munita
1340 733 1485 794 tenere

364 817 486 882 Edita
517 817 711 882 doctrina
738 817 977 900 sapientum
1005 817 1160 900 templa
1190 837 1356 895 serena,

364 906 589 989 Despicere
617 908 724 971 unde
755 927 884 990 queas
915 907 1023 973 alios
1047 908 1236 990 passimque
1258 908 1368 972 videre

364 994 481 1061 Errare
505 999 604 1078 atque
626 997 714 1060 viam
737 997 877 1079 palantis
902 1016 1058 1078 quaerere
1081 998 1178 1076 vitae,

364 1085 497 1150 Certare
520 1085 658 1167 ingenio.
683 1087 879 1150 contendere
901 1085 1080 1164 nobilitate,

364 1175 483 1240 Noctes
506 1177 605 1258 atque
627 1174 696 1239 dies
719 1171 773 1256 (-=
796 1176 904 1241 Aetna
926 1170 1003 1260 nod)
1027 1175 1085 1241 niti
1108 1180 1296 1259 praestante
1318 1177 1430 1242 labore

366 1264 419 1329 Ad
442 1284 589 1330 summas
613 1284 777 1346 emergere
800 1284 879 1349 opes
901 1285 1076 1347 rerumque
1099 1267 1205 1348 potiri.

339 1354 393 1419 .0
417 1353 554 1419 miseras
577 1354 747 1419 hominum
770 1358 906 1434 mentes
931 1375 950 1420 o
974 1359 1107 1438 pectora
1130 1359 1242 1422 caecat

366 1443 523 1521 Qualibus
546 1444 579 1508 in
602 1443 745 1508 tenebris
768 1444 854 1509 vitae
878 1446 1075 1527 quantisque
1099 1444 1226 1528 periclis

364 1533 497 1615 Degitur
520 1533 582 1597 hoc
605 1536 677 1598 aevi
701 1533 977 1618 quodcumquest!

364 1623 492 1687 Aetnae
517 1627 629 1687 auctor
652 1623 707 1702 ita,
732 1627 766 1690 ut
787 1622 964 1703 Lucretius
989 1628 1103 1689 vatum
1127 1625 1298 1691 mendacia
1323 1626 1460 1708 castigat
1482 1626 1586 1708 volgi·

256 1730 319 1795 que
343 1711 513 1777 stultitiam
538 1712 637 1776 ridet:
744 1723 745 1728 ’
928 1719 929 1722 ’

364 1803 459 1866 Aetn.
476 1821 527 1865 vv.
544 1802 695 1879 29—9l;
714 1801 880 1867 3671Nec
898 1807 930 1868 te
946 1802 1108 1884 decipiant
1124 1803 1230 1867 stolidi
1248 1805 1449 1871 mendacia
1472 1805 1581 1887 volgi.

364 1890 456 1955 Lucr.
481 1891 504 1970 l,
531 1892 592 1956 102
618 1892 772 1956 Tutemet
795 1913 814 1957 a
837 1893 932 1957 nobis
955 1892 1021 1957 iam
1045 1894 1160 1974 quovis
1184 1897 1331 1975 tempore
1354 1899 1496 1960 vatum

366 1981 631 2062 Terriloquis
654 1982 757 2046 victus
782 1981 911 2046 dictis
935 1981 1113 2046 desciscere
1138 2001 1284 2064 quaeres.

369 2069 496 2152 Quippe
527 2069 646 2134 etenim
677 2091 777 2154 quam
808 2071 911 2138 multa
941 2071 1000 2135 tibi
1029 2071 1095 2135 iam
1127 2071 1288 2154 lingere
1321 2069 1374 2154 (cf.
1405 2071 1511 2139 Aetna
1543 2075 1584 2138 77

255 2155 488 2239 linxerunt)
511 2162 650 2242 possunt
1281 2171 1282 2176 ’

326 2293 328 2300 -
366 2248 509 2328 Somnia,
536 2269 620 2331 quae
644 2249 731 2313 vitae
754 2250 897 2314 rationes
921 2252 1048 2314 vertere
1071 2249 1197 2331 possint

366 2339 592 2419 Fortunasque
615 2341 690 2402 tuas
714 2339 819 2402 omnis
843 2339 976 2403 turbare
1000 2338 1131 2403 timore!

366 2427 442 2492 ibid.
470 2427 532 2493 109
556 2426 777 2508 Religionibus
802 2427 1045 2510 atque‘minis
1076 2429 1289 2493 obsistere
1319 2423 1460 2495 vatum

369 2516 444 2580 ibid.
472 2516 676 2596 945=1v‚
704 2518 744 2581 10
771 2517 924 2599 Volgus
955 2517 1161 2582 abhorret
1187 2519 1235 2583 ab
1267 2518 1352 2583 hac.

369 2694 516 2776 Ingratos
540 2693 667 2759 animos
690 2698 788 2777 atque
811 2694 912 2776 impia
934 2699 1069 2777 pectora
1092 2695 1177 2778 volgi

371 2783 562 2848 Conterrere
585 2787 676 2848 metu
699 2804 784 2866 quae
807 2784 932 2866 possint
955 2780 1090 2848 numini'
1117 2784 1220 2850 divae.

370 2873 490 2938 Vatum
506 2872 677 2938 mendacia
692 2872 850 2951 refellens,
876 2873 931 2955 qui
955 2873 1033 2938 deos
1058 2877 1230 2951 ‚extremas
1246 2873 1280 2938 in
1297 2878 1383 2939 artes
1399 2875 1588 2942 demittunt‘

260 2957 380 3042 (Aetna
404 2959 458 3037 33)
490 2966 603 3027 auctor
627 2962 753 3027 Aetnae
784 2962 922 3027 eandem
954 2962 995 3027 de
1018 2962 1087 3026 deis
1117 2963 1312 3028 sententiam
1342 2964 1465 3046 profert
1488 2986 1590 3048 quam

259 3051 443 3116 Lucretius:

372 3140 467 3206 Aetn.
492 3161 521 3205 v.
548 3140 606 3204 34:
632 3139 800 3205 Subducto
824 3144 961 3222 regnant
985 3141 1136 3206 sublimia
1159 3142 1249 3206 caelo

372 3230 428 3294 Illa
451 3249 558 3312 neque
582 3229 744 3294 artificum
768 3233 882 3296 curant
906 3232 1047 3295 tractare
1072 3231 1228 3297 laborem.

312 3387 315 3395 ,
372 3320 465 3387 Lucr.
490 3319 527 3398 V,
553 3320 595 3400 82
620 3346 660 3370 =
685 3319 736 3397 VI,
762 3321 803 3384 58

372 3409 457 3473 Nam
480 3410 564 3473 bene
588 3410 643 3491 qui
667 3408 807 3473 didicere
832 3409 909 3473 deos
934 3428 1128 3474 securum
1158 3430 1281 3492 agere
1310 3431 1467 3491 aevom,

362 3498 424 3576 ΙΙΙ,
449 3500 504 3563 68:
530 3498 622 3577 Quae
645 3498 706 3562 nisi
729 3499 854 3582 respuis
878 3518 918 3563 ex
941 3499 1052 3564 animo
1075 3499 1234 3584 longeque
1257 3501 1395 3566 remittis

373 3588 442 3652 Dis
472 3587 643 3670 indigna
672 3592 822 3670 putare
852 3587 1075 3672 alienaque
1104 3591 1221 3671 pacis
1252 3610 1406 3669 eorum,

373 3677 523 3743 Delibata
546 3678 643 3743 deum
667 3697 726 3760 per
749 3682 782 3743 te
807 3678 864 3743 tibi
887 3678 1023 3743 numina
1047 3683 1160 3744 sancta

374 3768 478 3850 Saepe
502 3766 651 3832 oberunt.

377 3857 411 3936 V,
439 3857 501 3920 165
526 3876 596 3940 sqq.
622 3857 699 3940 quid
724 3857 809 3921 enim
834 3855 1073 3922 immortalibus
1097 3859 1195 3939 atque
1219 3856 1324 3922 beatis

374 3945 485 4011 Gratia
509 3949 621 4012 nostra
645 3950 743 4029 queat
765 3946 912 4029 largirier
935 3945 1155 4023 emolumenti,

376 4037 419 4100 Ut
441 4039 554 4100 nostra
577 4036 752 4118 quicquam
777 4055 876 4100 causa
899 4055 1010 4119 gerere
1034 4033 1286 4117 aggrediantur?

376 4125 502 4203 Quidve
526 4125 601 4188 novi
624 4125 730 4206 potuit
753 4129 844 4190 tanto
867 4129 942 4207 post
965 4128 1041 4189 ante
1065 4123 1233 4206 quietos

374 4214 497 4278 Illicere
520 4218 557 4279 ut
580 4217 734 4298 cuperent
758 4216 860 4280 vitam
883 4217 1011 4278 mutare
1034 4212 1198 4295 priorem?

375 4393 491 4458 'Omnis
514 4391 600 4457 enirn
623 4412 682 4477 per
705 4412 739 4457 se
763 4393 873 4458 divom
896 4395 1014 4456 natura
1037 4411 1169 4457 necesse
1193 4397 1242 4458 est

299 4527 301 4534 ι
376 4482 555 4547 Immortali
579 4501 660 4547 aevo
684 4502 814 4548 summa
837 4500 1014 4563 cumpace
1037 4481 1164 4548 fruatur

377 4573 544 4637 Sernota
567 4573 615 4636 ab
646 4573 806 4637 nostris
835 4573 961 4637 rebus
990 4572 1269 4655 seiunctaque
1293 4573 1422 4654 longe.

377 4662 427 4740 ΙΙΙ,
457 4663 496 4726 18
518 4662 665 4744 Apparet
688 4662 800 4726 divum
823 4681 945 4726 numen
970 4662 1175 4745 sedesque
1206 4663 1389 4745 quietae,

378 4751 467 4832 Quas
490 4770 598 4836 neque
621 4751 810 4817 concutiunt
833 4752 920 4817 venti
943 4772 1003 4819 nec
1025 4752 1138 4818 nubila
1160 4752 1279 4818 nimbis
