3514 5288
729 379 948 442 ..37-

172 555 299 620 Aetnae
329 555 454 621 auctori
486 557 691 725 et)Senecae
719 546 811 621 ‘fonte'
842 557 1067 639 explicandam
1103 576 1174 622 esse
1205 557 1342 640 putavit.
1399 554 1502 639 (Post.

173 644 242 710 Lat.
267 645 345 710 min.
370 645 407 723 ΙΙ,
431 666 463 728 p.
489 647 553 712 30.

279 734 348 799 lam
378 754 455 799 vero
485 735 751 819 respondendum
782 740 830 801 est
852 735 1006 819 Waglero
1037 736 1206 818 quaerenti
1236 756 1276 800 ex
1305 736 1503 802 Baehrensio

173 819 205 904 (l.
231 843 257 888 c.
282 844 314 906 p.
340 822 405 904 61),
431 845 540 908 ,quem
562 824 697 889 tandem
720 825 843 890 fontem
867 825 974 890 dicat‘.

218 968 227 989 ,
279 913 438 996 Equidem
460 918 637 998 utrumque
661 933 735 978 cum
759 935 799 981 ex
822 915 894 980 aliis
910 915 1052 979 fontibus
1068 917 1138 978 tum
1155 934 1173 979 e
1189 914 1337 979 Lucretio
1353 913 1503 980 hausisse

172 1021 366 1084 persuasum
390 1003 508 1082 habeo,
533 1024 675 1087 quocum
699 1003 799 1083 ,haud
821 1003 906 1070 raro‘
935 1003 1094 1069 Senecam
1116 1004 1298 1069 consentire
1328 1004 1397 1086 ipse
1424 1004 1505 1069 Wa-

172 1092 280 1174 glerus
303 1093 398 1157 docet
423 1089 456 1173 (l.
482 1113 509 1157 c.
532 1114 564 1176 p.
590 1091 656 1174 64).
1104 1105 1106 1107 ’

280 1181 349 1246 lam
368 1201 483 1246 vmeum
508 1187 557 1247 est
580 1183 814 1262 demonstrare,
849 1202 949 1266 quam
982 1181 1086 1246 multa
1116 1186 1148 1246 et
1176 1184 1302 1247 Aetnae
1333 1186 1445 1247 auctor
1473 1187 1514 1256 et,

173 1271 339 1335 Lucretius
364 1273 550 1338 communia
573 1273 718 1338 habeant
742 1276 945 1356 argumenta,
970 1291 1044 1336 curn
1067 1271 1149 1336 haec
1172 1291 1224 1336 res
1254 1272 1362 1337 adhuc
1385 1292 1503 1355 parum

173 1360 352 1443 disceptata
375 1361 427 1425 sit.
612 1415 615 1418 .

282 1450 330 1514 Ac
352 1451 495 1532 primurn
519 1449 649 1532 quidem
672 1455 810 1532 uterque
826 1450 976 1515 invocato
993 1449 1054 1514 deo
1070 1469 1105 1514 se
1120 1469 1240 1514 novam
1262 1450 1504 1516 difficillimam·

175 1559 235 1621 que
266 1539 439 1605 materiam
473 1542 615 1605 tractare
652 1539 857 1622 pronuntiat:
893 1540 1019 1604 Aetnae
1053 1559 1171 1621 nempe
1204 1544 1318 1604 auctor
1352 1562 1385 1605 v.
1415 1541 1504 1604 4-8

173 1628 365 1711 Apollinem,
390 1629 542 1694 carminis
559 1634 737 1706 auctorem,
762 1628 971 1713 Pieridesque
987 1629 1126 1706 invocat,
1144 1629 1314 1694 Lucretius
1330 1629 1502 1709 Venerem,

172 1719 363 1783 Aeneadum
380 1718 576 1800 genetricem
593 1715 629 1797 (I,
656 1717 787 1800 1-49),
811 1723 843 1785 et
857 1718 949 1783 initio
965 1718 1038 1782 libri
1054 1719 1146 1795 sexti,
1163 1737 1262 1801 quem
1279 1722 1389 1783 noster
1404 1723 1503 1801 poeta

173 1807 313 1872 maxime
343 1808 386 1872 ob
414 1808 523 1873 oculos
547 1808 672 1885 habuit,
708 1829 737 1872 v.
769 1809 810 1874 aa
843 1807 1019 1890 Calliopen,
1052 1806 1200 1872 callidam
1232 1828 1363 1873 musam
1391 1803 1434 1892 (r.
1461 1809 1504 1873 95

173 1897 220 1961 Te
243 1899 324 1962 duce
348 1924 389 1948 =
411 1898 506 1962 Aetn.
537 1900 613 1962 v.8
645 1898 779 1963 Phoebo
804 1894 909 1978 duce).
955 1917 987 1961 v,
1013 1897 1029 1961 7
1055 1896 1181 1962 Aetnae
1204 1901 1318 1961 auctor
1341 1917 1376 1962 se
1408 1917 1505 1976 ,nova

175 1985 297 2068 coepta‘
327 1987 447 2064 conari,
476 2007 505 2051 v.
532 1987 551 2050 8
585 2007 653 2069 ,per
675 1986 850 2053 insolitum‘
875 1986 932 2063 ire,
964 2007 994 2050 v.
1019 1987 1063 2050 tl
1094 1987 1230 2068 ,ignotas
1254 2006 1349 2053 curas
1373 1990 1505 2069 pectore

175 2074 289 2139 moliri‘
315 2075 401 2154 dicit,
427 2075 482 2158 qui
507 2075 599 2140 labor
623 2076 802 2140 immensus
827 2075 869 2139 sit
892 2069 935 2155 (v.
961 2071 1049 2156 ΙΙΙ).
1579 2088 1582 2094 ’

283 2163 406 2229 Eadem
430 2165 496 2229 lere
520 2164 704 2230 Lucretius:

282 2253 304 2332 l,
332 2253 394 2318 136
418 2253 486 2318 Nec
509 2273 562 2317 me
587 2253 686 2318 animi
710 2252 791 2318 fallit
815 2253 987 2316 Graiorum
1011 2253 1194 2317 obscura
1216 2256 1346 2335 reperta

282 2342 472 2407 Difficile
495 2343 657 2407 illustrare
680 2341 802 2407 Latinis
826 2340 974 2406 versibus
998 2361 1079 2419 esse,

282 2430 383 2497 Multa
406 2432 499 2496 novis
522 2432 631 2497 verbis
654 2431 849 2513 praesertim
866 2450 947 2495 eum
971 2430 1012 2494 sit
1037 2431 1202 2512 agendum

284 2521 423 2603 Propter
446 2525 624 2602 egestatem
648 2521 777 2602 linguae
801 2523 834 2585 et
856 2539 995 2584 rerum
1018 2521 1264 2586 novitatem.
1313 2580 1316 2584 .

282 2610 326 2674 IV
349 2612 391 2675 ab
414 2610 505 2674 initio
532 2637 569 2662 =
595 2610 618 2688 l,
643 2611 723 2676 926:

283 2699 366 2764 Avia
389 2699 554 2764 Pieridum
578 2720 715 2783 peragro
739 2698 811 2764 loca
833 2697 995 2763 nullius
1028 2702 1125 2764 ante

284 2789 405 2855 Trita
435 2788 535 2854 solo.
560 2789 650 2853 iuvat
674 2789 868 2872 integros
893 2789 1047 2853 accedere
1070 2788 1214 2852 fontes

282 2879 391 2961 Atque
414 2878 554 2958 haurire,
580 2879 736 2961 iuvatque
758 2898 893 2951 novos
917 2878 1091 2960 decerpere
1114 2879 1222 2943 flores

282 3056 368 3122 Nam
391 3056 450 3121 tibi
473 3061 640 3121 vementer
663 3076 771 3121 nova
793 3077 846 3121 res
869 3056 1001 3121 molitur
1025 3056 1067 3121 ad
1091 3055 1179 3122 auris

283 3147 438 3212 Accidere
463 3149 495 3210 et
517 3163 625 3210 nova
648 3165 683 3210 se
707 3145 830 3227 species
854 3147 1026 3210 ostendere
1050 3165 1170 3210 rerum.

285 3236 351 3301 Sed
373 3240 511 3318 uterque
535 3235 737 3316 amplissima
761 3235 822 3299 sibi
846 3236 993 3318 praemia
1016 3236 1085 3299 fore
1110 3239 1237 3317 sperat:

282 3325 378 3389 Aetn.
401 3346 431 3390 v.
456 3325 521 3389 223
545 3325 648 3406 Digna
673 3325 829 3390 laboratis
854 3325 1053 3406 respondent
1076 3325 1223 3406 praemia
1247 3325 1344 3388 curis.

283 3416 375 3479 Lucr.
400 3414 422 3493 I,
449 3414 531 3478 922:
682 3413 685 3419 ’
950 3430 956 3436 ·

283 3504 350 3568 Nec
373 3523 427 3568 me
450 3502 549 3567 animi
574 3502 665 3581 fallit,
690 3522 789 3585 quarn
814 3502 878 3567 sint
901 3503 1059 3578 obscura;
1084 3501 1142 3565 sed
1165 3501 1232 3566 acri

283 3592 449 3658 Percussit
471 3591 585 3676 thyrso
608 3592 747 3660 laudis
771 3613 845 3674 spes
868 3612 987 3674 magna
1011 3611 1122 3656 meum
1146 3611 1203 3655 cor

285 3683 325 3746 Et
348 3682 445 3746 simul
468 3681 604 3747 incussit
627 3701 762 3746 suavem
785 3682 831 3746 mi
855 3681 887 3746 in
910 3685 1024 3764 pectus
1048 3700 1195 3746 amorem

283 3772 460 3836 Musarum.
1106 3829 1108 3834 .

283 3860 437 3942 Atthtlsq.
449 3859 881 3943 =lV,4et51nsignernque
896 3879 970 3924 meo
987 3859 1083 3942 capiti
1097 3863 1207 3942 petere
1218 3858 1294 3923 inde
1308 3878 1503 3940 coronam,

283 3950 378 4013 Unde
401 3951 491 4032 prius
514 3949 594 4014 nulli
620 3948 755 4013 velarint
776 3953 927 4031 tempora
950 3970 1076 4018 musae.
1188 3992 1192 3998 -

284 4040 352 4103 lam
376 4039 409 4103 id
433 4038 639 4104 consentiunt
663 4041 695 4102 et
710 4038 836 4102 Aetnae
860 4042 973 4103 auctor
1000 4042 1031 4103 et
1053 4037 1231 4117 Lucretius
1256 4038 1345 4120 quod
1368 4041 1531 4120 uterquer

175 4129 369 4211 contemptis
392 4129 543 4193 inanibus
559 4128 729 4193 hominum
754 4128 1015 4192 contentionibus
1037 4129 1268 4210 laboribusque
1294 4127 1353 4192 soli
1376 4127 1505 4192 veritati

176 4217 285 4282 studet
308 4221 407 4299 atque
432 4238 471 4282 ex
494 4218 743 4300 investigatione
766 4217 835 4282 veri
859 4237 1024 4282 summam
1046 4218 1182 4301 percipit
1206 4217 1425 4300 voluptatem:

284 4307 380 4371 Aetn.
405 4327 434 4371 v.
461 4308 499 4372 91
534 4309 640 4372 omnis
664 4308 699 4371 ln
723 4326 800 4371 vero
823 4307 903 4371 mihi
928 4327 1016 4372 cura.

284 4396 360 4460 226.
384 4396 489 4460 Nosse
513 4395 610 4460 fidem
635 4415 745 4460 rerum
769 4395 950 4478 dubiasque
974 4397 1144 4479 exquirere
1168 4415 1293 4463 causas.

288 4486 350 4550 251
378 4484 478 4549 divini
503 4489 551 4548 est
575 4485 675 4550 animi
699 4504 737 4550 ac
760 4485 901 4550 iucunda
923 4486 1084 4568 voluptas.
1114 4489 1116 4495 “

285 4575 350 4639 258
375 4574 582 4656 Torquemur
604 4575 714 4638 miseri
737 4575 771 4639 in
793 4576 903 4657 parvis
926 4577 1127 4658 terimurque
1149 4575 1273 4641 labore.

286 4665 378 4729 Lucr.
403 4664 426 4743 l,
452 4664 493 4729 50
518 4659 572 4742 (cf.
595 4663 632 4740 ll,
661 4663 746 4728 1023
771 4661 853 4746 sq.):

289 4751 382 4838 Quod
406 4773 504 4844 super
528 4757 586 4836 est,
610 4771 731 4823 vacuas
756 4753 843 4822 auris
868 4754 1080 4840 animumque
1105 4773 1256 4839 sagacem
