3514 5288
842 385 1042 460 ,μμ

969 574 1149 638 Saecula
1182 573 1236 654 qui
1268 592 1379 636 rursus
1412 558 1504 636 Latio
1535 579 1607 651 rcg‘·

1014 667 1092 727 nata
1114 682 1172 744 per
1196 681 1276 726 arva

969 751 1110 835 Saturno
1134 751 1299 833 quondam

967 841 1045 905 ibid.
1061 838 1128 916 ΧΙΙ,
1147 841 1211 904 816
1230 890 1236 904 .
1256 890 1262 904 .
1280 890 1287 904 .
1304 837 1471 903 saecula
1486 855 1606 918 reges

300 923 350 992 lo.
388 928 471 993 Cum
495 929 626 994 domitis
649 949 746 994 nemo
762 930 913 995 Cererem
969 929 1004 994 G.
1029 931 1052 1007 I,
1080 929 1143 993 125
1166 930 1252 994 Ante
1275 929 1385 993 Jovem
1414 927 1494 992 nulli
1517 925 1606 990 subi·

388 1018 524 1083 iactaret
547 1020 580 1082 in
605 1019 692 1084 arvis
1012 1020 1132 1101 gebant
1155 1039 1254 1083 arva
1278 1018 1392 1082 coloni.

300 1107 351 1171 11.
391 1107 717 1190 Venturisquemalas
727 1108 914 1191 prohiberet
967 1108 1043 1172 ibid.
1070 1109 1112 1173 69
1137 1107 1280 1172 officiant
1296 1107 1388 1172 laetis
1411 1125 1452 1170 ne
1476 1104 1604 1184 frugi-

385 1196 531 1278 lrugibus
554 1197 684 1275 herbas
1011 1197 1087 1262 bus
1111 1198 1267 1262 herbae

158 1297 186 1359 Ἃ,
300 1286 349 1349 le.
385 1287 504 1350 Annua
532 1287 587 1350 sed
614 1291 744 1351 saturae
768 1287 912 1370 complc—
968 1287 1003 1352 G.
1017 1287 1040 1365 I,
1054 1289 1097 1352 49
1111 1286 1605 1369 ruperunthorreamesses

215 1373 219 1382 '
384 1380 456 1439 rent
480 1376 596 1440 horrea
619 1396 753 1454 messes,

299 1464 348 1528 13.
385 1465 457 1547 lpse
469 1485 529 1528 suo
543 1465 659 1530 flueret
670 1465 817 1530 Bacchus
829 1466 912 1549 pede
967 1466 994 1530 G
1010 1466 1032 1542 Ι,
1052 1465 1111 1529 131
1128 1465 1333 1546 Mellaque
1347 1462 1488 1528 decussit
1500 1461 1605 1526 foliis

386 1553 547 1636 mellaque
571 1554 703 1637 quernis

297 1642 348 1706 14.
385 1642 570 1708 Pendercnt
608 1644 690 1708 toliis
730 1648 761 1708 et
799 1644 910 1726 pingui
965 1629 1005 1706 bt
1028 1643 1150 1725 passim
1175 1643 1252 1708 rivis
1276 1642 1439 1708 currentia
1462 1642 1538 1707 vina
1555 1661 1603 1706 re·

379 1732 488 1797 Pallas
512 1732 606 1810 oliva,
1009 1732 1127 1814 pressit

964 1821 1001 1885 B.
1025 1820 1076 1900 IV,
1103 1823 1144 1887 30
1169 1822 1208 1886 Et
1231 1823 1333 1887 durae
1350 1841 1489 1904 quercus
1505 1821 1604 1885 suda-

1011 1912 1093 1975 bunt
1116 1911 1244 1975 roscida
1266 1912 1375 1977 mella.

295 1997 344 2062 15.
380 1999 518 2063 Securos
558 1998 663 2063 omnis
700 1998 801 2063 aleret
836 2019 909 2063 cum
965 2000 1001 2064 G.
1026 2000 1049 2078 I,
1077 2001 1139 2065 127
1164 2001 1300 2082 ipsaque
1325 2001 1419 2064 tellus

382 2089 487 2171 gratia
512 2089 620 2152 ruris?
965 2089 1083 2154 Omnia
1129 2089 1261 2154 liberius
1314 2090 1403 2154 nullo
1449 2093 1604 2171 poscente

1009 2179 1144 2243 ferebat.

293 2268 342 2330 le.
379 2261 564 2330 lucensem
582 2270 614 2330 et
629 2263 737 2331 tristis
754 2271 905 2332 natorum
964 2268 999 2332 B.
1026 2268 1103 2346 Vssl,
1136 2270 1177 2333 47
1209 2268 1331 2333 Saevos
1362 2269 1465 2332 Amor
1495 2266 1604 2332 docuit

380 2353 418 2418 in
442 2355 554 2420 funere
579 2359 730 2420 matres?
1006 2360 1199 2420 natorum
1234 2359 1389 2440 sanguine
1426 2361 1602 2422 matrem

1006 2445 1254 2511 Commaculare
1278 2468 1405 2526 manue,

290 2534 341 2598 23.
378 2532 543 2616 Quidquid
567 2538 598 2598 et
628 2535 808 2618 antiquum,
840 2536 906 2601 iam
962 2535 997 2599 G.
1022 2535 1073 2612 ΙΙΙ,
1100 2537 1128 2600 3.
1159 2535 1276 2601 Cetera
1300 2557 1384 2618 quac
1408 2556 1530 2602 vacuas
1554 2539 1602 2599 te·
1736 2600 1737 2625 ¹

377 2627 475 2688 nacta
498 2628 547 2688 est
570 2624 681 2689 fabula
705 2645 849 2690 carmen.
1005 2624 1154 2690 nuissent
1178 2625 1321 2690 carmine
1345 2631 1481 2704 mantea,

961 2713 1079 2777 Omnia
1103 2715 1169 2778 iarn
1194 2714 1324 2794 vulgata

287 2802 340 2865 15.
378 2799 439 2878 Qui
456 2804 550 2865 tanto
568 2804 676 2866 motus
696 2801 796 2884 operi,
822 2822 905 2884 quae
960 2802 999 2865 A.
1030 2801 1082 2881 IX,
1115 2805 1156 2866 96
1189 2803 1240 2866 cui
1275 2807 1396 2867 tanta
1430 2804 1491 2867 deo
1528 2822 1603 2884 per·
1735 2839 1736 2887 1

375 2894 468 2954 tanta
493 2894 638 2973 potestas
1005 2892 1104 2956 missa
1128 2894 1340 2972 potestas?

290 2980 343 3044 ne.
380 2980 525 3062 Explicet
540 2980 737 3044 immensum
754 2981 905 3044 dammas
959 2981 998 3044 A.
1023 2981 1059 3057 ΙΙ,
1077 2981 1141 3044 nea
1167 2979 1281 3058 Quae
1303 2984 1447 3046 tantae
1464 2985 1597 3046 tenuere

380 3072 411 3133 et
435 3069 545 3133 trudat
569 3071 611 3133 ab
635 3069 701 3133 imo
1004 3074 1139 3135 morae?

290 3159 342 3222 Al.
379 3157 503 3241 Ingenti
527 3159 634 3222 sonitu
657 3159 759 3223 moles
784 3164 815 3224 et
830 3179 905 3242 pro·
960 3169 1052 3232 Lucr.
1094 3167 1143 3244 Vl,
1191 3170 1272 3233 692:
1319 3169 1598 3252 Extruditque

337 3314 339 3318 ,
375 3247 464 3312 xima
487 3267 637 3330 quaeque
1003 3254 1184 3412 ΞιὲῗὲιΙὸἓεξᾶ
1204 3256 1323 3339 Aetna)
1349 3259 1497 3324 mirando
1518 3278 1600 3342 pon-

960 3445 1052 3509 Lucr.
1077 3446 1128 3522 ΙΙΙ,
1160 3447 1202 3509 38
1227 3446 1384 3511 Funditus
1415 3445 1598 3512 humanam

1004 3534 1059 3617 qui
1082 3535 1185 3600 vitam
1207 3537 1320 3602 turbat
1343 3537 1392 3600 ab
1415 3536 1498 3600 imo
1611 3561 1616 3570 ¹

960 3634 999 3697 A.
1025 3632 1075 3710 ΙΙΙ,
1101 3633 1167 3697 574
1189 3653 1250 3717 sqq

959 3731 1151 3814 Attollitque
1183 3732 1297 3814 globos
1335 3732 1599 3796 flammarum

1006 3824 1037 3884 et
1062 3821 1169 3886 sidera
1193 3821 1317 3900 lambit,

960 3918 1126 3982 Interdum
1151 3919 1299 4001 scopulos
1327 3920 1503 4002 avolsaque
1533 3919 1598 3982 vis-

1005 4028 1079 4073 cera
1103 4008 1222 4071 montis

960 4105 1061 4187 Erigit
1084 4109 1236 4170 eructans
1259 4107 1498 4192 liquefactaque
1520 4127 1599 4172 saxa

1005 4195 1065 4259 sub
1090 4215 1188 4260 auras

962 4291 1046 4357 Cum
1080 4293 1202 4374 gemitu
1240 4294 1399 4376 glomerat
1433 4295 1598 4378 fundoque

1007 4386 1176 4447 exaestuat
1199 4383 1277 4448 imo

960 4481 1000 4544 A.
1026 4480 1080 4558 ΙΙΙ,
1106 4482 1172 4547 614
1195 4483 1336 4547 sonitu
1360 4483 1523 4565 ingenti

962 4579 998 4643 G.
1016 4581 1052 4657 ΙΙ,
1071 4580 1135 4645 306
1150 4579 1359 4663 Ingentem
1384 4581 1472 4646 caelo
1488 4581 1598 4645 soni-

1003 4673 1087 4733 tum
1112 4670 1201 4735 dedit

959 4768 1062 4846 AX,
1088 4769 1152 4834 513
1184 4769 1378 4834 Proxima
1406 4787 1599 4853 quaeque
