3514 5288
183 525 299 682 Mlunro
323 526 388 608 ,the
412 529 552 632 Spartan
577 525 703 614 army‘).
727 530 815 613 Sing.
840 530 1016 610 ,numerus‘
1041 531 1126 596 enim
1150 532 1285 613 praebet
1307 532 1415 614 potita,
1446 549 1512 596 nou

184 639 267 702 pur.
292 624 450 696 ,nume1·1‘.

289 707 434 773 Fuerunt
456 708 565 787 etiam,
590 708 645 791 qni
669 709 702 772 in
725 708 884 774 vocabulo
907 705 1021 791 ‚sipho‘
1038 703 1082 792 (r.
1109 708 1184 784 328)
1209 709 1428 787 offenderent;
1453 709 1512 774 sed

185 795 298 881 ,sipho‘
321 797 389 863 iam
411 802 517 863 exstat
540 799 627 881 apud
651 798 808 863 Lucilium
832 796 906 882 (sat.
930 797 1028 876 XXII,
1055 798 1073 861 3
1098 799 1148 864 ed.
1173 798 1207 863 L.
1231 797 1387 879 Mueller).

291 888 338 952 De
360 907 477 970 genere
500 887 627 952 dicendi
650 887 752 953 fusius
776 888 944 970 disputare
965 888 1099 970 longum
1124 891 1183 953 est.

291 976 371 1042 illud
395 976 476 1046 satis
497 978 557 1042 erit
579 977 642 1042 hoc
664 976 735 1042 loco
759 977 865 1042 dicere
889 997 1019 1043 carmen
1044 977 1183 1060 eleganti
1207 981 1238 1042 et
1262 976 1389 1042 exculto
1413 980 1512 1060 atque

185 1065 334 1149 expedito
357 1085 508 1132 sermone
531 1086 641 1132 carere
665 1066 911 1149 orationemque
933 1067 1080 1150 proxime
1104 1067 1258 1133 accedere
1282 1067 1324 1132 ad
1344 1067 1512 1134 Lucretia·
1575 1100 1578 1109 ν

184 1153 305 1238 nam,¹)
342 1160 379 1220 ut
407 1155 500 1222 facile
530 1156 689 1222 assentiar
718 1156 916 1222 Baehrensio
951 1161 1093 1239 ,poetam
1125 1176 1256 1223 carmen
1287 1156 1400 1221 fecisse
1431 1157 1516 1221 inter
1559 1234 1561 1243 Ι

183 1244 330 1399 priorulrln
352 1246 528 1417 durgtla3tem
557 1266 783 1328 novorumque
806 1245 946 1312 lormam
969 1246 1105 1329 politam
1128 1245 1283 1313 medium‘
1316 1243 1421 1326 (Puer.
1446 1246 1515 1312 Lat.

185 1354 264 1399 mm.
318 1356 381 1418 .p.
466 1388 473 1402 .
1027 1351 1029 1354 ’

291 1424 364 1490 Jarn
388 1426 414 1490 si
438 1424 510 1507 quis
533 1445 572 1489 ex
595 1444 648 1490 me
664 1428 810 1509 quaerat,
836 1428 998 1508 quatenus
1014 1445 1145 1490 carmen
1159 1426 1342 1491 Aetnaeum
1366 1426 1409 1491 ad
1433 1425 1514 1490 Ver·
1617 1503 1622 1508 ¹

185 1516 296 1598 gilium
320 1514 481 1598 pertinere
510 1517 632 1597 putem,
664 1515 726 1578 hoc
757 1513 1039 1596 respondendum:
1064 1513 1147 1579 Cum
1177 1515 1210 1579 in
1241 1515 1393 1594 carmine,
1428 1514 1517 1599 quod

185 1609 262 1671 ante
292 1624 414 1670 annum
446 1624 475 1670 a.
507 1604 583 1669 Chr.
613 1622 647 1667 n.
677 1603 722 1668 44
752 1603 970 1686 conscriptum
1001 1623 1072 1670 esse
1103 1608 1239 1682 constat,
1275 1604 1421 1690 plerique
1454 1603 1515 1669 loci

185 1693 358 1775 Vergiliani
383 1693 549 1770 exsistant,
576 1696 713 1776 apparet
736 1693 911 1776 Vergilium
943 1693 1022 1757 illud
1049 1694 1251 1776 poematium
1283 1695 1413 1776 penitus
1438 1714 1514 1778 cog-

185 1785 324 1861 novisse,
349 1783 411 1847 nisi
434 1783 516 1848 forte
542 1819 581 1828 -
606 1782 639 1846 id
662 1782 750 1866 quod
773 1783 894 1847 nemini
918 1782 985 1847 iere
1008 1783 1129 1865 placuit
1152 1817 1195 1828 —
1218 1784 1382 1849 veteribus
1406 1803 1515 1866 gram-

187 1873 313 1938 maticis
336 1872 531 1955 optimisque
554 1872 644 1937 libris
678 1872 907 1955 manuscriptis
931 1872 1030 1937 fidem
1053 1872 1213 1939 habemus
1237 1876 1335 1955 atque
1358 1878 1512 1956 putamus
1620 1944 1621 1952 ,

186 1961 265 2026 illud
288 1982 429 2041 carmen,
454 1961 691 2044 qualecumque
715 1964 773 2040 est,
797 1961 830 2026 in
855 1962 926 2041 ,illis
950 1962 1079 2045 Vergilii
1102 1963 1250 2028 iuvenilis
1274 1962 1513 2029 exercitationis
1596 1995 1599 2008 .

190 2046 461 2133 speciminibns‘tl
483 2051 725 2117 numerandum
749 2070 829 2116 esse.

298 2243 318 2313 ¹)
338 2242 565 2302 Alliterationum
585 2245 613 2299 et
631 2242 854 2299 assonantiarum
879 2261 943 2298 usus
961 2242 1049 2298 rarior
1074 2245 1116 2298 est
1141 2259 1225 2313 quam
1252 2243 1328 2313 apud
1347 2241 1515 2306 Lucretium.

187 2317 315 2370 attamen
332 2315 488 2385 permultae
507 2331 611 2384 eaeque
630 2315 792 2384 perspicuae
810 2314 1002 2370 inveniuntur.
1039 2314 1073 2368 ci.
1093 2315 1244 2384 imprimis:
1270 2333 1295 2370 v.
1315 2315 1340 2374 8,
1366 2315 1392 2375 9.
1413 2313 1454 2380 12,
1477 2313 1518 2380 14,

191 2389 232 2452 17,
251 2387 294 2452 34,
314 2387 355 2450 43,
374 2387 417 2450 45,
436 2388 479 2452 47,
499 2387 540 2448 51,
561 2387 603 2452 53,
623 2387 665 2450 56,
685 2387 727 2444 58.
746 2387 789 2448 61,
808 2387 850 2452 69,
871 2388 913 2448 70,
933 2385 975 2448 82,
997 2387 1039 2448 84,
1068 2386 1110 2449 92,
1135 2388 1177 2452 93,
1208 2387 1266 2453 103,
1293 2385 1351 2451 108,
1382 2385 1439 2450 131,
1468 2386 1518 2442 153

190 2457 998 2528 (11.7ετς.01113.11,479),155,158,201,206.266,
1026 2457 1085 2523 280,
1112 2459 1173 2525 325,
1202 2459 1262 2524 854,
1286 2458 1346 2522 357,
1372 2457 1432 2519 359,
1459 2455 1520 2524 362,

190 2531 251 2595 363,
270 2529 331 2595 461,
349 2529 409 2595 475,
430 2531 490 2598 483,
512 2530 571 2594 541,
590 2530 650 2595 619,
670 2529 731 2593 620,
750 2529 810 2593 625,
831 2529 891 2595 628,
911 2530 971 2595 640,
991 2531 1052 2584 642.

300 2598 321 2671 ¹)
341 2601 471 2656 Carmina
499 2601 605 2656 Valerii
633 2600 745 2656 Catonis
773 2617 836 2656 cum
865 2603 897 2655 Α.
926 2598 954 2655 F.
980 2600 1082 2656 Naekii
1110 2599 1348 2670 annotationibus.
1392 2599 1464 2656 Oura
1491 2599 1519 2655 la.

189 2671 328 2743 Schopeni
346 2674 460 2730 Bonnae
481 2673 558 2728 1847.
583 2692 610 2744 p.
630 2672 680 2727 221
708 2673 760 2738 (De
778 2671 898 2741 Vergilii
922 2672 1018 2728 libello
1046 2671 1183 2728 iuvenalis
1209 2673 1288 2740 ludi),
1326 2673 1367 2729 Ac
1385 2672 1456 2738 vide,
1485 2688 1521 2726 11

190 2761 263 2814 qnae
289 2744 414 2800 Naelrius
438 2745 582 2814 ,antiquae
606 2743 801 2816 simplicitatis
825 2746 990 2813 argumenta
1009 2761 1043 2799 ex
1061 2744 1136 2799 Diris
1159 2761 1192 2800 ac
1212 2744 1301 2816 Lydia
1320 2745 1358 2815 (p.
1378 2742 1430 2798 277
1449 2743 1520 2813 sqq.)

190 2815 322 2886 proferat,
342 2815 481 2884 quadrent
499 2816 556 2872 fere
574 2815 669 2871 omnia
687 2817 717 2870 in
735 2816 863 2872 Aetnam.
