3514 5288
857 1 860 3 ’
946 1 1244 31 ''WWWFI'X'W
1275 27 1285 30 ..
1318 21 1328 30 .

1545 7 1716 174 'a'

1591 123 1596 144 b
1620 159 1624 172 Ι
1712 105 1726 135 .'

779 361 996 434 ..344

157 611 160 618 ,
223 544 401 611 stantivum
424 551 610 612 concretum
635 551 684 612 est
710 572 748 596 =
772 548 1019 613 Ruhmeswerlr.
1067 548 1105 614 cf.
1130 549 1235 614 Plaut.
1261 553 1341 614 truc.
1360 551 1443 628 877;
1469 543 1550 618 Tac.

223 637 331 702 annal.
356 636 392 714 II,
418 637 476 714 883
501 636 552 714 ΙΙΙ,
575 636 628 700 45.

335 726 369 791 Si
393 725 470 809 quid
494 726 688 790 mutandum
716 729 774 803 est,
805 725 887 791 haec
917 744 992 791 mea
1024 727 1210 792 coniectura
1239 727 1329 792 haud
1359 729 1548 810 displiceat:

224 834 319 893 ,nunc
355 835 451 880 aera
487 819 526 879 et
559 814 633 879 viva
656 813 819 896 Myronis.
859 814 975 880 Poeta
1010 816 1106 894 enim,
1143 835 1217 880 cum
1252 822 1350 881 antea
1374 817 1549 884 Gruterum

223 904 384 991 artificum
401 903 546 983 tabellas,
571 923 653 986 quas
670 903 846 986 spectaturi
862 903 1004 969 Romani
1021 904 1210 970 difficillima
1226 910 1257 969 et
1272 907 1550 988 periculosissima

220 993 336 1058 Itinera
358 992 521 1058 faciebant
549 1026 582 1036 -
609 993 731 1074 Apellis
754 992 856 1057 Ceam
873 993 1032 1057 Venerem
1056 994 1313 1075 anadyomenen,
1338 995 1546 1062 Timomachi

220 1082 389 1165 Byzantini
404 1082 562 1159 Medeam,
588 1082 772 1147 Timanthis
788 1082 989 1164 Iphigeniam
1013 1119 1054 1128 —
1079 1083 1220 1148 dilucida
1240 1083 1387 1150 oratione
1412 1106 1546 1152 enume-

219 1177 332 1251 rasset,
357 1191 444 1237 nnnc
468 1173 568 1236 etiarn
591 1171 683 1253 signa
705 1176 876 1237 memorat.
923 1171 963 1236 ut
986 1191 1060 1236 cum
1083 1173 1193 1254 plures
1210 1174 1340 1238 tabulas
1365 1174 1544 1257 laudasset,

220 1262 373 1326 universa
407 1262 550 1344 Myronis
585 1280 671 1339 aera,
706 1281 773 1325 non
806 1262 913 1326 solam
946 1262 1102 1326 buculam
1137 1262 1289 1342 celebrat,
1327 1268 1363 1328 ut
1397 1265 1458 1330 Ov.
1483 1272 1544 1332 art.

221 1371 285 1416 am.
309 1351 361 1429 Ill,
385 1351 459 1416 ΙΙΙ).

334 1439 441 1520 ,Aera‘
468 1439 511 1504 nil
536 1438 621 1505 aliud
647 1440 708 1504 nisi
738 1439 830 1521 signa
859 1445 962 1504 aenea
994 1459 1065 1504 esse
1089 1439 1168 1504 satis
1192 1440 1436 1508 demonstratur
1463 1443 1542 1512 Hor.

220 1549 270 1612 ep.
294 1530 317 1609 Ι,
343 1529 373 1605 6,
403 1529 458 1607 17;
483 1529 519 1608 ΙΙ,
547 1529 575 1607 1,
600 1529 677 1595 alu.
1381 1573 1382 1576 =

330 1618 459 1683 XXXII.
495 1639 545 1683 vv.
571 1618 635 1684 600
659 1638 730 1700 sqq.
755 1618 842 1700 apud
865 1618 1100 1683 Baehrensium
1124 1617 1169 1682 ita
1192 1618 1358 1701 leguntur:

330 1707 420 1773 Haec
442 1708 577 1772 visenda
600 1712 719 1790 putans
742 1711 830 1772 terra
852 1708 919 1771 ruis
943 1726 1046 1788 usque
1070 1707 1239 1790 marique?

331 1798 471 1862 Artificis
493 1799 632 1862 naturae
654 1797 767 1878 ingens
791 1816 871 1878 opus
895 1795 1020 1877 aspico;
1044 1796 1133 1861 nulla

330 1886 380 1950 Tu
404 1890 496 1952 tanta
519 1885 671 1951 humanis
695 1885 810 1967 opibus
834 1885 1018 1964 spectacula
1042 1905 1164 1965 cernae,

324 1976 568 2059 Praecipueque
591 1975 666 2056 vigil
690 1994 787 2056 rupes
811 1975 866 2039 ubi
891 1973 1054 2038 Trinacris
1077 1975 1178 2040 ardet.

330 2086 359 2130 v.
385 2067 449 2131 600
474 2066 566 2130 codd.
590 2064 749 2146 praebent
773 2068 879 2146 ,putas
902 2068 990 2128 terra
1017 2064 1200 2147 dubiusque
1233 2066 1417 2149 marisque‘,
1453 2070 1541 2133 unde

217 2155 284 2220 iam
308 2155 425 2220 Munro
449 2155 628 2228 rectissIme
652 2155 791 2218 restituit
815 2157 921 2236 ,putas
951 2158 1039 2218 terra
1069 2154 1252 2237 dubiusque
1276 2155 1449 2238 marique.
1499 2159 1538 2221 cf.

218 2246 277 2309 Ov.
302 2245 394 2309 Pont.
419 2244 470 2323 ΙΙΙ,
494 2244 525 2321 4,
551 2245 570 2307 8
597 2245 657 2322 ,Ad
681 2242 841 2308 medicam
867 2242 1019 2308 dubius
1044 2243 1186 2327 confugit
1209 2242 1473 2327 aegeropem‘.

327 2355 357 2398 v.
383 2333 558 2399 aua-603
583 2333 675 2396 codd.
699 2333 874 2414 praebent:

328 2423 411 2488 Cum
434 2425 528 2487 tanta
550 2422 703 2487 humanis
726 2421 873 2503 phoebus
897 2422 1081 2502 spectacula
1106 2441 1228 2499 cernes

326 2513 571 2595 Praecipueque
594 2511 669 2594 vigiI
692 2511 819 2579 fervens
843 2509 898 2573 ubi
922 2512 1028 2594 syrius
1051 2510 1153 2576 ardet.
1231 2559 1234 2562 .

328 2604 371 2666 At
415 2605 582 2667 auctorem
624 2600 761 2665 Aetnaei
797 2599 950 2664 carminis
985 2600 1152 2682 opiuatum
1188 2621 1258 2665 esse
1292 2601 1381 2682 ignes
1416 2602 1543 2667 Aetnae

215 2693 299 2755 inter
324 2695 472 2755 exortum
505 2694 603 2772 atque
627 2708 779 2753 occasum
804 2689 879 2754 Sirii
902 2691 1077 2771 praecipue
1108 2709 1277 2772 erumpere
1300 2689 1353 2752 vix
1377 2689 1539 2767 credibile,

215 2781 274 2845 etsi
298 2781 421 2845 Seneca
438 2776 489 2860 (N.
515 2779 553 2857 Q.
578 2779 628 2856 VI,
646 2780 673 2857 l,
691 2780 722 2854 1)
753 2798 814 2859 nos
832 2778 935 2858 docet,
967 2782 1093 2843 veteres
1117 2779 1269 2843 hibernos
1292 2779 1361 2843 dles
1385 2799 1405 2844 a
1432 2783 1541 2844 terrae

214 2870 358 2935 motibus
381 2889 498 2934 vacare
521 2869 712 2952 promittere
736 2867 847 2931 solitos
871 2886 951 2932 esse.

327 2959 412 3023 Olim
436 2959 517 3024 haec
542 2959 680 3022 conieci:
705 2957 804 3026 nulla.

321 3048 429 3113 Tanta
452 3049 598 3113 humana
625 3047 745 3111 etenim
768 3046 922 3111 Phoebus
946 3046 1131 3130 spectacula
1155 3049 1267 3126 cernit,

324 3137 503 3220 Praecipue
526 3138 668 3215 Phoebe,
693 3136 820 3200 fervens
843 3136 899 3200 ubi
924 3137 1031 3201 sidera
1053 3136 1188 3200 lambit.

325 3227 389 3292 Sed
412 3227 546 3309 propius
571 3227 612 3291 ad
636 3246 712 3290 mss.
738 3225 910 3290 lectionem
933 3226 1014 3290 haec
1029 3227 1213 3290 accedunt:
1238 3227 1327 3292 nulla

325 3317 408 3381 Cum
432 3320 524 3381 tanta
548 3316 701 3380 humanis
724 3315 824 3379 rebus
847 3315 1032 3396 spectacula
1056 3333 1180 3394 cernas,

325 3406 569 3488 Praecipueque
592 3404 676 3486 vigil,
701 3404 830 3468 fervens
854 3405 925 3468 ubi
948 3403 1089 3468 sidera
1112 3404 1273 3468 lambit.
1397 3433 1401 3436 ·
1469 3439 1471 3445 ,

325 3497 363 3560 cf.
389 3495 483 3578 Verg.
507 3496 588 3558 Aen.
613 3494 663 3572 III,
690 3490 974 3574 malachana)

324 3584 517 3667 Attollilque
541 3584 655 3666 globos
677 3583 888 3648 flammarum
912 3587 944 3647 et
967 3583 1109 3648 sidera
1133 3582 1292 3648 lambit.

323 3673 490 3738 Claudian.
517 3674 570 3752 33,
598 3667 878 3754 malachana)
1246 3693 1247 3700 ¹

323 3763 446 3828 Foedat
470 3763 556 3827 nube
580 3763 676 3840 diem,
700 3781 788 3826 nunc
811 3761 952 3826 molibus
976 3764 1092 3826 astra
1115 3761 1294 3827 lacessit

324 3853 495 3917 Terrificis.
701 3857 703 3862 '

323 3941 491 4007 Sententia
517 3941 550 4005 in
584 3944 739 4024 promptu
774 3944 840 4005 est:
876 3940 1002 4005 Aetnae
1037 3939 1223 4022 spectacula
1260 3937 1540 4021 magnificentiora

210 4035 286 4096 sunt
309 4051 410 4114 quam
434 4051 547 4096 omnes
571 4052 622 4096 res
646 4031 820 4095 humanae.
867 4029 1007 4095 Maxime
1031 4033 1141 4094 autem
1166 4028 1344 4110 spectanda
1367 4032 1445 4099 sunt.
1459 4047 1539 4092 noc·

209 4125 278 4184 tem
301 4121 577 4203 pervigilantihus,
603 4140 677 4185 eum
702 4119 791 4203 ignes
815 4118 858 4184 ad
881 4119 989 4184 sidera
1012 4119 1202 4183 evehantur.

321 4209 465 4275 XXXIII.
502 4231 531 4274 v.
560 4210 636 4274 em.
660 4208 832 4292 Waglerus
864 4206 897 4291 (l.
923 4229 949 4273 c.
974 4229 1005 4291 p.
1030 4207 1074 4272 24
1097 4199 1181 4290 sqq.)
1212 4211 1347 4289 poetam
1371 4207 1538 4290 scripsisse

209 4301 320 4381 putat:
935 4303 936 4312 ’

324 4388 460 4472 ,Iugera
497 4389 652 4454 circum
687 4408 827 4453 omnes
863 4386 984 4465 silvae‘,
1021 4406 1095 4451 cum
1131 4386 1269 4455 dIceret:
1295 4388 1539 4468 ,Quaecumque

210 4482 286 4542 sunt
309 4478 341 4542 in
365 4481 492 4544 Aetnae
516 4479 660 4556 circuitu,
686 4477 797 4543 omuia
821 4478 909 4560 capit
933 4496 1034 4541 vorax
1057 4477 1266 4543 incendium‘.

320 4568 365 4632 At
388 4589 452 4633 non
477 4587 591 4633 omnes
615 4570 735 4633 clreum
760 4568 859 4632 silvae
884 4568 1055 4646 ardebant,
1080 4567 1137 4631 sed
1162 4589 1236 4642 cum
1260 4568 1293 4633 in
1317 4586 1417 4632 unam
1442 4585 1538 4629 mon-

209 4658 250 4721 tis
273 4660 400 4740 partem
425 4658 513 4723 unda
537 4658 631 4741 ignea
655 4657 825 4740 eruptione
856 4678 887 4722 a.
911 4678 941 4722 a.
966 4656 1052 4732 Chr.
1073 4677 1103 4721 n.
1130 4657 1194 4723 693
1219 4657 1305 4722 facta
1336 4655 1535 4731 defluxisset,

210 4767 268 4816 eae
292 4749 390 4828 solae,
415 4749 447 4812 ln
472 4767 554 4830 quas
578 4748 684 4812 amnis
714 4747 766 4811 ille
797 4746 912 4830 igneus
942 4748 1108 4829 processit.
1163 4749 1201 4812 Et
1237 4747 1294 4812 viri
1327 4745 1414 4809 docti
1444 4744 1540 4810 nobis
