3514 5288
809 344 1026 426 ..36-

358 520 406 584 Ac
428 521 571 603 primurn
595 521 724 604 quidem
750 523 783 586 in
807 542 847 587 ea
869 541 996 602 unare,
1021 542 1087 604 qua
1103 521 1227 587 Seneca
1251 524 1421 587 auctorum
1445 540 1582 585 suorum

254 609 448 674 sententiam
479 610 665 676 emendavit
694 615 793 693 atque
826 613 982 699 correxit,
1019 611 1145 676 Aetnae
1180 614 1294 676 auctor
1324 629 1463 693 pravam
1498 610 1584 674 anti-

253 718 392 780 quorum
414 699 624 781 physicorum
648 700 844 766 sententiam
873 700 1005 783 profert.
1053 700 1147 778 Quod
1177 719 1219 764 ne
1242 699 1414 782 Waglerus
1447 698 1581 783 quidem

253 788 383 868 negavit
406 782 437 871 (l.
464 808 490 852 c.
522 808 553 870 p,
579 785 651 870 60):
684 787 730 864 ,In
759 807 825 854 una
855 809 934 854 sane
964 809 999 854 re
1030 789 1184 854 differunt
1213 789 1297 853 inter
1327 808 1362 852 se
1394 788 1518 854 Seneca
1548 792 1582 854 et

251 876 378 941 Aetnae
402 881 524 956 auctor,
550 896 648 960 quam
673 877 813 942 hicnon
838 877 1128 952 dissimulaverim:
1159 878 1211 943 ille
1236 879 1323 942 enim
1346 877 1498 959 spiritum
1523 897 1581 942 ex·

251 965 423 1032 trinsecus¹
441 965 473 1030 in
503 969 609 1032 terrae
638 967 800 1032 foramina
830 967 952 1032 intrare
981 967 1143 1033 obstinate
1174 972 1270 1049 negat
1300 963 1355 1047 (cl.
1386 965 1424 1031 N.
1458 966 1496 1046 Q.
1528 965 1579 1045 VI,

250 1054 303 1132 nl,
331 1053 372 1137 l),
398 1059 511 1121 contra
534 1056 659 1120 Aetnae
684 1060 798 1122 auctor
828 1057 929 1122 credit
957 1076 1054 1139 posse
1078 1058 1177 1121 etiarn
1208 1056 1405 1120 extrinsecus
1436 1056 1580 1138 irrepere

250 1144 321 1209 illas
346 1164 443 1210 auras
466 1163 525 1226 per
541 1144 643 1210 latera
656 1145 782 1210 Aetnae
798 1146 918 1210 montis
932 1147 985 1211 hic
1001 1145 1064 1210 illic
1086 1146 1210 1210 hiantia
1227 1145 1397 1229 ventisque
1413 1144 1577 1210 obnoxia‘.

357 1232 450 1299 Hanc
474 1252 545 1298 rem
568 1234 634 1299 iam
658 1238 734 1299 ante
758 1234 948 1324 Waglerum
971 1234 1131 1318 copiosius
1161 1238 1362 1300 tractaverat
1384 1234 1580 1318 Nehringius

250 1316 286 1400 (Ι,
307 1343 338 1404 p.
357 1320 422 1404 39),
448 1342 522 1387 cum
545 1323 626 1388 haec
650 1324 786 1390 diceret:
817 1324 957 1401 ,Woher
972 1325 1097 1390 kommt
1121 1322 1200 1388 aber
1224 1323 1330 1390 dieser
1353 1321 1506 1405 spiritus?
1537 1325 1580 1388 ln

251 1410 323 1475 der
346 1412 675 1495 Beantwortung
705 1413 843 1479 dieser
867 1415 996 1496 Frage
1026 1413 1128 1496 liegt
1158 1412 1581 1494 hauptsachlichder

250 1501 507 1565 Fortschritt
530 1502 602 1567 des
625 1501 803 1582 Seneka3
829 1523 864 1568 er
886 1503 1030 1568 verwirtt
1046 1501 1240 1582 vollstandig
1255 1502 1319 1566 den
1335 1502 1511 1567 Gedanken
1534 1523 1578 1568 an

250 1590 309 1654 das
333 1590 540 1656 Einstrdmen
571 1592 629 1656 der
652 1591 771 1657 Winde
802 1593 835 1657 in
866 1594 924 1657 das
948 1591 1136 1670 Erdinnere,
1168 1591 1313 1664 walchen
1341 1591 1401 1655 wir
1430 1591 1482 1655 bei
1505 1587 1595 1656 Ari-'

250 1679 382 1744 stoteles
406 1681 474 1744 und
498 1681 562 1744 den
576 1680 713 1762 ribrigen
729 1679 1005 1747 Naturforschern
1022 1681 1182 1763 gesunden
1200 1679 1324 1758 haben;
1350 1700 1385 1745 er
1401 1681 1579 1763 behauptet

249 1768 418 1849 vielmehr,
444 1767 514 1834 dass
539 1769 591 1833 die
608 1770 692 1835 Gase
715 1770 783 1834 und
799 1772 937 1853 Dampfe
961 1771 1030 1836 sich
1046 1772 1078 1836 in
1095 1771 1158 1835 den
1173 1768 1431 1835 unterirdischen
1449 1768 1575 1834 Hdhlen

249 1858 349 1922 selbst
373 1858 597 1923 entwickeln“.

355 1948 464 2030 Atque
488 1948 611 2012 Seneca
635 1946 674 2012 N.
700 1946 737 2024 Q.
764 1948 813 2026 VI,
840 1950 1076 2031 repositarum
1102 1952 1135 2012 et
1163 1947 1264 2030 ipsius
1288 1948 1414 2013 Aetnae
1437 1947 1575 2013 auctoris

248 2038 443 2101 sententiam
467 2036 620 2102 refutavit
644 2041 769 2115 ,ventos
786 2039 952 2104 subterra
969 2038 1134 2110 clausos
1159 2056 1229 2100 esse
1254 2031 1308 2105 (cf.
1325 2039 1420 2102 Aetn.
1440 2059 1470 2103 v.
1491 2037 1576 2119 134),

248 2144 322 2189 cum
347 2125 511 2208 castigatis
534 2125 682 2190 versibus
698 2125 828 2192 53-56
850 2129 947 2211 primi
963 2127 1127 2192 Aeneidos
1151 2125 1222 2190 libri
1237 2126 1284 2191 ita
1299 2130 1462 2208 pergeret:
1489 2126 1577 2205 ‚Sine

246 2215 347 2278 dubio
370 2219 487 2297 politae
511 2216 598 2280 hunc
615 2216 788 2281 voluerunt
810 2217 913 2283 videri
930 2235 1103 2295 carcerem,
1128 2216 1162 2280 in
1185 2234 1250 2298 quo
1267 2217 1328 2280 suh
1345 2220 1430 2280 terra
1447 2215 1576 2279 clausi

246 2303 396 2380 laterent.
443 2304 510 2369 Sed
539 2306 601 2371 hoc
631 2324 697 2369 non
720 2306 957 2385 intellexerunt,
982 2326 1041 2371 nec
1064 2305 1107 2385 id,
1139 2305 1227 2387 quod
1250 2305 1395 2370 clausum
1420 2308 1478 2384 est,
1503 2323 1574 2368 esse

248 2393 355 2458 adhuc
378 2398 522 2472 ventum,
547 2409 607 2458 nec
630 2394 663 2459 id
686 2395 773 2477 quod
799 2401 916 2460 ventus
940 2400 997 2474 est,
1022 2414 1118 2477 posse
1141 2393 1206 2459 iam
1231 2394 1346 2459 claudi.
1380 2393 1464 2458 Nam
1488 2393 1577 2478 quod

247 2482 280 2547 in
305 2483 415 2547 clauso
440 2486 497 2562 est,
523 2484 659 2565 quiescit
682 2490 715 2549 ct
737 2485 821 2552 aeris
844 2485 941 2550 statio
966 2489 1033 2564 est:
1064 2483 1170 2548 omnis
1200 2483 1232 2546 in
1258 2483 1333 2565 luga
1363 2487 1480 2558 ventus
1504 2481 1573 2548 est‘.

358 2571 555 2638 Universum
578 2591 655 2637 vero
678 2575 804 2639 Aetnae
827 2578 1057 2657 argumentum
1086 2572 1175 2638 nullo
1206 2572 1304 2638 modo
1334 2591 1409 2636 cum
1433 2571 1577 2638 Senecae

200 2695 202 2702 v
246 2661 457 2726 Naturalihus
481 2661 734 2739 Quaestionibus
759 2683 935 2746 congruere
958 2662 1137 2750 rectissime
1161 2661 1286 2726 monuit
1308 2660 1577 2726 Hildehrandtius

182 2802 183 2808 ,
248 2749 280 2829 (l.
306 2771 332 2814 c.
357 2771 388 2832 p.
413 2752 455 2817 19
479 2746 541 2835 sq.)
565 2771 640 2816 cum
663 2752 744 2817 haec
769 2753 910 2818 diceret:
941 2752 1147 2830 ,Ubersehen
1170 2751 1228 2816 hat
1249 2749 1381 2832 Wagler
1404 2751 1498 2815 einen
1522 2751 1576 2816 hir

248 2838 300 2902 (110
315 2839 419 2922 Frage
442 2841 558 2905 hlichst
573 2841 745 2924 wichtigen
762 2841 934 2918 Umstand
959 2843 1018 2906 wir
1034 2842 1163 2905 melnen
1179 2840 1242 2905 den
1259 2841 1575 2928 ausgesprochenen,

248 2948 305 3010 gar
332 2929 423 2994 nicht
452 2930 596 2994 scharfer
628 2950 666 2994 zu
697 2931 888 2996 denkenden
919 2932 1106 3012 Gegensatz,
1136 2929 1169 2994 in
1195 2930 1353 2995 ivelchem
1386 2928 1443 2994 des
1470 2917 1577 2994 Atna-

247 3017 389 3083 dichters
413 3019 463 3084 bis
487 3039 542 3083 zur
566 3019 832 3104 Hartnachigkeit
855 3022 1077 3102 konsequente
1093 3019 1263 3084 Machanik
1286 3040 1325 3084 zu
1348 3019 1411 3084 den
1434 3019 1577 3083 11111101-

247 3106 369 3189 gleiche
392 3108 523 3173 hiermit
546 3108 767 3196 ausgeldttrten
790 3111 1055 3192 Anschauungen
1076 3109 1219 3174 Senekas
1243 3109 1339 3174 steht.
1372 3109 1467 3173 Jeuer
1487 3107 1578 3173 leitet

244 3195 318 3278 jede
342 3197 399 3264 der
422 3197 454 3261 in
477 3198 579 3279 Frage
603 3198 822 3263 kommenden
845 3199 1108 3280 Frseheinuugen
1140 3218 1200 3263 aus
1231 3198 1300 3262 rein
1327 3197 1578 3262 mechanischen

248 3284 415 3351 Ursachen
437 3281 498 3364 ab,
533 3287 637 3351 dieser
667 3288 725 3352 hat
749 3288 849 3353 sehon
882 3287 1043 3353 deutliche
1069 3287 1314 3370 Vorstellungen
1343 3307 1419 3351 vom
1443 3285 1577 3352 Wirken

247 3375 447 3440 chemischer
471 3375 655 3458 Vorgange:
686 3377 894 3460 Wahrhaftig
917 3379 970 3442 ein¹
992 3376 1207 3460 principieller
1231 3377 1421 3465 Gegensatz,
1452 3376 1510 3440 der
1541 3395 1574 3439 es

247 3464 330 3528 doch
354 3465 430 3529 sehr
453 3465 646 3530 zweil'elhatt
676 3468 814 3532 macheu
838 3466 933 3546 muls,
966 3468 1008 3532 ob
1031 3466 1065 3531 in
1089 3467 1147 3530 der
1170 3465 1257 3531 That
1281 3465 1339 3530 der
1361 3464 1575 3531 Atnadichter

246 3553 304 3619 das
328 3553 429 3618 Werk
453 3555 509 3619 des
533 3555 863 3622 wissenschaitlichen
881 3557 1024 3639 Gegners
1047 3555 1239 3638 gepliindert
1255 3555 1364 3619 haben
1386 3554 1483 3618 kann.
1521 3553 1575 3617 Ich

245 3644 332 3708 halte
357 3644 408 3708 die
435 3644 534 3726 Frage
558 3645 643 3709 nach
659 3645 849 3727 Beniitzung
872 3646 929 3710 der
944 3644 1119 3710 Naturales
1136 3643 1351 3722 Quaestiones
1374 3644 1425 3708 fiir
1448 3643 1575 3707 unend-

205 3801 208 3807 ,
245 3733 309 3797 lich
331 3732 392 3796 viel
417 3733 621 3814 schwieriger
645 3735 693 3800 als
716 3755 794 3800 man
817 3734 927 3800 bisher
951 3735 1092 3817 gerneint
1115 3734 1186 3812 hat3
1215 3731 1387 3817 jedenialls
1412 3734 1505 3798 narrt
1528 3732 1575 3798 sie

245 3822 330 3886 noch
354 3824 411 3887 der
434 3823 596 3904 Ldsung“.

359 3910 451 3988 Quae
475 3932 549 3977 curn
573 3913 620 3977 ita
643 3912 716 3991 sint,
740 3911 829 3977 haud
854 3911 919 3977 scio
943 3932 985 3977 an
1010 3913 1113 3977 multo
1136 3911 1260 3976 facilius
1290 3909 1323 3973 in
1348 3929 1422 3974 eam
1447 3913 1578 3976 senten-

244 4000 324 4066 tiam
348 4003 560 4081 adducamur,
588 4006 625 4067 ut
647 4005 799 4084 putemus
829 4001 937 4084 ipsum
962 4002 1120 4066 Senecam
1146 4020 1184 4064 ex
1207 4000 1315 4064 Aetna
1340 4000 1494 4064 nonnulla
1519 4019 1576 4063 ex·

246 4090 414 4173 cerpsisse.
461 4091 545 4169 Quid
570 4092 657 4155 enirn
680 4090 836 4174 impedit?
881 4092 934 4156 An
958 4091 1045 4169 illud,
1079 4091 1167 4172 quod
1191 4089 1317 4155 Seneca
1347 4090 1474 4154 Aetnae
1498 4108 1577 4154 auc·

244 4182 350 4244 torem
372 4201 536 4262 nusquam
561 4180 728 4246 laudavit?
753 4178 805 4261 (ci.
823 4179 964 4262 Wagler.
982 4181 1002 4245 l.
1020 4200 1094 4263 cp.
1112 4176 1179 4261 ll).
1212 4179 1256 4243 At
1279 4179 1388 4243 hercle
1404 4198 1445 4243 ne
1468 4178 1576 4261 ipsum

243 4269 375 4353 quidem
399 4270 584 4336 Lucretium
608 4269 800 4349 nominavit,
825 4290 897 4335 cunr
924 4266 995 4352 (Ep.
1013 4269 1065 4342 79,
1084 4269 1117 4352 5)
1142 4288 1198 4333 eos
1213 4273 1328 4352 poetas
1353 4270 1571 4346 enumeraret,

245 4359 300 4441 qui
324 4361 463 4433 Aetnam
489 4365 633 4425 montem
658 4359 850 4442 attigissent.

352 4449 417 4513 Sed
442 4449 522 4513 mihi
547 4450 628 4514 haec
651 4450 849 4532 persuadere
865 4466 929 4512 non
945 4447 1047 4529 potui,
1072 4467 1146 4512 curn
1163 4449 1341 4513 verborum
1358 4447 1576 4513 locutionum-

180 4589 182 4599 .
244 4557 307 4620 quc
330 4538 468 4603 imitatio
493 4539 580 4604 nullo
604 4539 675 4603 loco
699 4539 835 4602 inveniri
858 4542 978 4620 posset.
1014 4537 1142 4602 Acccdo
1167 4538 1264 4620 igitur
1289 4536 1478 4603 Baehrensii
1503 4558 1578 4602 sen-

242 4627 373 4707 tentiae,
398 4627 454 4711 qui
478 4632 744 4711 argumentorum
768 4627 975 4717 quorundam
1006 4627 1248 4693 similitudinem
1284 4648 1324 4693 ex
1354 4628 1520 4692 communi
1545 4629 1578 4691 et
