3514 5288
383 1383 595 1498 Studia
637 1390 685 1496 in
727 1383 980 1496 Aetnam
1024 1389 1258 1498 collata.

265 1639 316 1702 Ad
342 1639 467 1703 Aetnae
496 1639 650 1714 studium,
684 1639 773 1722 quod
797 1659 929 1703 carmen
958 1640 991 1702 in
1019 1639 1233 1721 appendicem
1264 1639 1484 1722 Vergilianam

148 1733 321 1811 receptum
339 1731 455 1806 exstat,
481 1747 554 1792 oum
570 1749 623 1792 me
640 1728 849 1793 contulissem
866 1729 1017 1792 hortante
1041 1729 1169 1793 lwano
1186 1728 1389 1806 Muellero‚
1415 1730 1485 1793 viro

154 1819 343 1882 doctissimo
376 1820 474 1900 atque
506 1817 752 1896 humanissimo,
789 1818 867 1882 illud
897 1818 990 1882 facile
1025 1818 1166 1882 intellexi
1198 1838 1251 1882 me
1276 1818 1486 1900 ,periculosae

155 1909 287 1990 plenum
310 1926 395 1988 opus
419 1906 518 1970 aleae'
545 1927 733 1988 aggressum
758 1926 839 1971 esse.

269 1994 381 2078 Neque
405 1995 491 2059 enirn
517 1997 657 2061 auctoris
681 2016 800 2060 nomen
824 1996 867 2060 illi
890 1997 1033 2078 poemati
1058 1996 1235 2060 inscribere
1259 1997 1352 2060 nobis
1376 1996 1483 2070 licere,

164 2103 204 2147 nc
223 2083 295 2149 illud
313 2085 455 2166 quidem,
474 2104 538 2167 quo
554 2090 701 2167 tempore
719 2085 938 2168 conscriptum
955 2089 1050 2164 esset,
1071 2085 1151 2150 satis
1173 2088 1333 2163 constare,
1358 2085 1483 2150 sincere

160 2173 323 2238 latendum
348 2177 427 2238 erat.

210 2320 213 2326 .
264 2264 460 2342 Accedebat,
493 2264 581 2346 qnod
610 2263 688 2327 illud
719 2283 849 2328 carmen
884 2263 1165 2346 corruptissimum
1199 2263 1292 2327 nohis
1325 2263 1483 2348 traditum

154 2356 210 2429 est,
238 2356 274 2416 ut
305 2373 371 2417 una
401 2352 546 2417 onmium
577 2372 755 2436 eorumque
778 2352 948 2416 doctorum
979 2353 1150 2417 hominum
1182 2353 1388 2418 consentiens
1419 2374 1483 2418 vox

151 2442 202 2520 sil,
242 2443 297 2504 vix
322 2442 498 2525 quidquam
530 2441 613 2506 illius
638 2442 792 2523 poematii
819 2443 1046 2506 emendatione
1072 2442 1233 2507 difficilius
1261 2443 1294 2506 in
1322 2443 1482 2507 Romanis

150 2531 271 2595 litteris
295 2535 431 2596 exstare.

264 2619 390 2684 Novam
416 2620 510 2702 quasi
532 2620 620 2684 viam
644 2620 899 2684 monstrante
923 2620 1131 2701 ZingerleiuS‚
1143 2615 1164 2698 ¹)
1197 2641 1270 2684 curn
1302 2620 1384 2685 haec
1407 2641 1483 2702 pro·

149 2712 308 2790 poneret:
338 2710 494 2792 „Doppelt
518 2709 800 2791 empfehlenswert
825 2715 913 2772 ware
934 2709 1105 2790 jedenfalls
1130 2709 1202 2773 eine
1236 2709 1484 2790 einigerrnalsen

153 2798 414 2880 ausgedchnterc
430 2798 619 2880 Beachtung
643 2799 736 2864 mehr
760 2799 838 2862 oder
853 2798 995 2880 weniger
1019 2798 1227 2862 verwandter
1243 2799 1374 2862 Stellen.
1411 2799 1482 2863 Wir

151 2887 306 2950 mbchten
330 2892 433 2965 raten‚
459 2889 553 2952 einen
577 2888 748 2968 moglichst
771 2887 1007 2968 vollstandigen
1023 2889 1123 2952 Index
1147 2887 1204 2950 der
1223 2887 1402 2964 Vorbilder,
1426 2889 1484 2952 be-

153 2974 293 3039 sonders
316 2977 483 3058 heziiglich
513 2977 569 3041 des
593 2977 774 3042 Formellen
803 2977 891 3041 nicht
915 2976 1023 3041 ausser
1046 2977 1121 3041 acht
1151 2996 1191 3040 zu
1214 2976 1332 3055 lassen
1366 2977 1409 3041 da
1433 2978 1485 3041 ein

152 3065 280 3130 solcher
303 3066 374 3130 hier
398 3069 493 3130 unter
517 3068 579 3130 den
600 3068 829 3148 angegcbencn
844 3065 1085 3130 Verhaltnissen
1109 3065 1160 3130 fiir
1185 3065 1236 3130 die
1254 3067 1357 3130 Kritik
1381 3067 1481 3130 bitere

153 3155 329 3238 doppelten
355 3155 447 3219 Wert
472 3155 641 3236 gewinnen
664 3154 816 3220 kbnnte“.

268 3243 362 3308 Hanc
387 3244 466 3308 mihi
490 3245 578 3308 viam
594 3245 738 3326 ingresso
762 3245 879 3309 mirum
897 3244 1065 3327 quoddam
1082 3244 1213 3310 accidit:
1239 3256 1363 3308 certum
1383 3249 1482 3328 atque

156 3333 356 3398 irrefutabile
380 3333 570 3398 imitationis
595 3338 824 3416 argumentum
855 3354 893 3397 ex
925 3334 1013 3398 nullo
1043 3331 1200 3416 scriptore
1230 3334 1361 3398 haurire
1392 3335 1482 3416 potui

154 3426 292 3503 excepto
309 3423 456 3487 Lucretio
480 3426 578 3506 atque
595 3423 745 3506 Vergilio
781 3421 859 3500 Quis
877 3423 965 3487 enim
988 3427 1056 3487 tam
1079 3424 1159 3487 levis
1176 3423 1226 3500 sit,
1251 3427 1287 3488 ut
1310 3444 1350 3487 ex
1374 3425 1483 3506 aliqua

153 3512 331 3576 verborum
356 3512 564 3576 similitudine
581 3511 709 3588 efficiat,
734 3512 871 3576 alterum
888 3516 1019 3594 poetam
1044 3512 1175 3577 alterius
1193 3511 1352 3578 vocabula
1368 3513 1482 3594 depin-

140 3599 264 3666 ‘xisse‘l
295 3599 362 3682 Ego
387 3603 419 3665 in
442 3602 505 3665 hac
529 3621 563 3664 rc
588 3601 731 3665 Goebelii
755 3601 935 3665 sententiae
959 3604 1089 3678 accedo,
1122 3602 1177 3684 qui
1201 3603 1281 3666 haec
1304 3601 1481 3682 monuit:²)

160 3689 253 3766 „Man
269 3691 327 3754 hat
343 3690 389 3754 ott
405 3691 486 3754 albu
503 3691 748 3778 zuversichtlich
773 3693 847 3754 dort
870 3691 941 3755 eine
957 3691 1195 3773 Nachahmung
1218 3692 1406 3772 behauptet‚
1427 3709 1480 3756 wo

152 3779 185 3842 in
210 3779 385 3844 Wabrheit
408 3779 501 3843 keine
524 3779 575 3843 ist.
618 3780 676 3843 Die
699 3778 1021 3862 Ubereinslimmung
1045 3781 1090 3845 im
1115 3780 1300 3857 Gedanken
1323 3780 1357 3862 ja
1381 3781 1482 3845 selbst

154 3868 204 3931 bis
238 3888 276 3931 zu
301 3866 405 3932 einem
442 3869 601 3950 gewissen
625 3869 732 3932 Grada
767 3869 812 3933 im
835 3869 1016 3946 Ausdruch
1053 3870 1232 3953 berechtigt
1264 3870 1366 3934 daher
1396 3871 1481 3934 noch

155 3955 246 4020 nicht
271 3976 328 4020 znr
350 3958 523 4022 Annahme
548 3958 637 4021 einer
660 3957 866 4040 Entlchnung
889 3959 968 4023 oder
991 3959 1084 4022 mehr
1112 3961 1191 4024 oder
1220 3959 1364 4042 weniger
1395 3960 1482 4024 selb-

152 4045 323 4127 standigen
347 4047 540 4129 Aneignung
564 4047 620 4111 des
644 4047 824 4112 fremden“.

265 4136 337 4199 Duo
361 4135 456 4217 igitur
488 4157 607 4219 genera
638 4137 783 4201 locorum
812 4136 966 4201 similium
997 4137 1227 4220 distinguenda
1257 4142 1342 4216 sunt,
1377 4158 1480 4203 unum

153 4243 277 4302 eorum,
311 4224 366 4307 qui
390 4229 476 4290 recte
502 4225 717 4304 ‚imitationes'
743 4230 910 4304 vocantur,
943 4227 1082 4291 alterum
1107 4247 1229 4302 eorum,
1262 4227 1316 4309 qui
1341 4227 1399 4292 etsi
1424 4227 1482 4292 ali-

153 4333 253 4394 quam
270 4314 444 4378 verborum
469 4315 520 4378 vel
544 4316 780 4380 sententiarum
797 4315 1041 4380 similitudinem
1055 4318 1244 4398 praebeant,
1270 4320 1382 4380 lamen
1398 4317 1481 4382 forte

152 4402 256 4484 magis
292 4407 390 4486 atque
425 4423 503 4467 casu
534 4425 711 4487 congruere
747 4424 847 4487 quam
878 4405 917 4470 de
945 4405 1105 4470 industria
1141 4406 1283 4488 expressi
1317 4407 1477 4471 videntur.

150 4491 232 4570 Ηοε,
265 4493 520 4574 qualescumque
544 4494 651 4559 adhuc
682 4495 826 4578 undique
857 4513 1030 4578 congerere
1059 4497 1167 4578 potui,
1204 4497 1235 4559 in
1268 4495 1480 4578 appendicem

261 4699 282 4798 :l
304 4701 374 4785 Berl.
394 4703 492 4786 philol.
513 4703 737 4760 Woohonschriit
755 4705 794 4788 iV
813 4725 839 4775 p.
859 4705 919 4760 872.

273 4781 282 4841 l
302 4772 460 4829 Zertsohrrst
478 4775 496 4828 f.
517 4779 612 4830 listerr.
633 4776 803 4844 Gymnasren
824 4777 891 4830 1857
910 4795 937 4846 p.
957 4774 1017 4830 421.
