3514 5288
788 367 1007 456 -43-

233 546 269 607 ut
292 544 354 608 hoc
377 545 561 627 exemplum
591 545 625 609 in
656 545 842 610 certissimis
872 547 1072 628 argumentis
1104 565 1277 610 numerare
1308 565 1374 610 non
1403 544 1559 623 dubitem,

233 633 321 714 quod
353 633 526 717 intringere
558 653 674 698 vereor
706 655 746 699 ne
780 635 900 700 trustra
939 635 1100 701 conitatur
1133 636 1339 701 adversarius
1372 635 1424 699 vel
1457 635 1558 700 obsti·

232 721 436 800 natissimus3
467 743 552 806 quae
585 723 647 800 illic
677 725 711 788 in
739 724 929 789 universum
961 729 1182 808 exponuntur,
1218 725 1270 789 hic
1304 727 1560 807 comprobantur

232 811 274 876 de
295 811 421 877 ventis‘

343 901 388 965 At
374 902 536 966 tt'Lucre
528 921 578 967 rus
600 901 633 966 in
656 923 723 968 una
746 902 927 984 eademque
950 921 1050 967 causa
1073 902 1236 968 simillima
1260 901 1355 967 dicit:

344 991 394 1070 Vl,
421 991 517 1055 536
509 1011 542 1056 m
565 991 678 1074 primis
701 996 824 1057 terram
847 992 898 1058 fac
921 996 957 1056 ut
981 1011 1052 1056 esse
1075 993 1176 1057 rearis

344 1080 445 1162 Supt
454 1100 495 1144 er
525 1080 624 1145 item
653 1084 696 1146 ut
726 1101 877 1164 supera
899 1083 1043 1146 ventosis
1067 1083 1212 1163 undique
1235 1067 1367 1164 plenam

344 1169 524 1251 Speluncis
1061 1215 1066 1223 -

343 1258 420 1324 ibid
454 1260 517 1326 542
556 1259 707 1342 Undique
739 1260 826 1325 enim
859 1259 1037 1324 similem
1072 1257 1129 1340 (sc.
1160 1254 1297 1343 terram)
1328 1279 1398 1324 esse
1429 1260 1479 1324 sui
1510 1279 1561 1324 res

232 1348 407 1430 postulat'
399 1369 480 1432 ipsa.

341 1437 414 1502 Non
439 1438 544 1503 solum
568 1438 664 1521 igitur
687 1438 886 1503 sententia
878 1459 912 1502 m
944 1440 1059 1503 eadem
1090 1459 1189 1504 causa
1214 1397 1330 1505 eadem
1355 1442 1413 1518 est,
1448 1439 1506 1503 sed
1531 1443 1560 1502 et

232 1515 303 1609 ipsa
326 1529 427 1592 verba
450 1524 623 1630 (similem‘
648 1528 740 1593 Lucr
758 1527 806 1606 Vl,
824 1528 954 1592 542:
979 1527 1111 1605 ‚similis‘
1136 1528 1199 1593 Aet
1187 1533 1244 1593 tna
1261 1522 1338 1612 300)
1363 1531 1557 1611 congruunt.

342 1618 410 1682 Iam
434 1618 539 1701 quivis
561 1617 654 1682 facile
678 1617 833 1682 concedet
855 1638 920 1682 non
945 1638 984 1682 ex
1007 1618 1141 1696 Seneca,
1166 1618 1224 1682 sed
1245 1639 1283 1695 ex
1300 1618 1449 1683 Lucretio
1472 1617 1559 1681 hunc

232 1707 359 1770 Aetnae
382 1708 488 1771 locum
514 1706 725 1789 desumptum
749 1727 829 1787 esse,
853 1708 886 1772 in
889 1704 1015 1790 telleget
1018 1726 1082 1790 que
1106 1712 1216 1773 actum
1240 1728 1310 1772 esse
1336 1709 1376 1773 de
1402 1706 1561 1790 ‚palmari‘

236 1796 376 1879 Wagleri
401 1800 603 1879 argumente.

344 1886 409 1952 Sed
432 1907 492 1950 nos
516 1886 641 1969 reliqua
663 1886 856 1951 Lucretiana
878 1903 1133 1969 persequamur.

344 1975 489 2040 Proximi
513 1977 612 2041 maris
636 1977 742 2041 undas
766 1976 904 2041 multum
931 1977 1039 2040 valere
1070 1978 1112 2041 ad
1143 1976 1282 2058 ignium
1297 1975 1501 2058 eruptionem
1532 1979 1564 2039 et

235 2065 361 2130 Aetnae
384 2069 498 2130 auctor
521 2061 586 2145 (vv.
611 2063 800 2146 aaa-293)
824 2069 856 2129 et
879 2065 1047 2130 Lucretius
1071 2058 1134 2149 (Vl,
1159 2062 1349 2145 694-699)
1373 2085 1432 2129 nos
1456 2065 1560 2128 docet.

345 2154 438 2236 Ignes
461 2154 588 2220 Aetnae
618 2174 777 2220 concussu
808 2155 952 2236 lapidum
983 2158 1154 2220 ventorum
1184 2156 1216 2220 vi
1246 2156 1475 2220 subvectorum
1508 2172 1563 2217 ac-

236 2243 328 2308 cendi
360 2244 563 2309 demonstrat
589 2246 717 2309 Aetnae
748 2247 861 2309 auctor
891 2245 946 2323 ita,
977 2247 1014 2308 ut
1043 2244 1126 2309 rami
1150 2245 1306 2309 arborum
1333 2243 1399 2309 triti
1422 2243 1507 2308 inter
1530 2261 1564 2306 se

235 2331 342 2414 ignein
367 2333 549 2416 concipiant
572 2328 617 2417 (r.
643 2329 843 2414 acu-366).

344 2423 453 2505 Atque
482 2422 537 2487 illa
567 2423 743 2488 similitudo
774 2442 813 2486 ex
843 2423 991 2487 Lucretio
1022 2423 1184 2505 exscripta
1213 2428 1271 2501 est,
1303 2423 1358 2505 qui
1391 2441 1463 2487 eam
1494 2439 1564 2484 rem

234 2510 362 2575 duobus
383 2511 462 2576 locis
485 2508 521 2590 (l,
547 2513 723 2579 897—904
747 2516 779 2576 et
803 2511 839 2590 V,
866 2506 1096 2595 toul-1098)
1122 2513 1251 2595 copiose
1272 2512 1420 2594 explicat.

345 2601 410 2665 Sed
434 2621 499 2666 non
524 2602 627 2666 solum
652 2601 854 2684 comparatio
877 2600 1071 2665 Lucretiana
1095 2607 1153 2681 est,
1187 2604 1302 2667 eadem
1330 2601 1498 2680 Lucretius¹
1523 2599 1563 2662 de

236 2708 271 2753 re
295 2689 366 2773 ipsa
389 2690 550 2774 disputat:
575 2690 625 2769 Vl,
651 2691 714 2755 687
740 2710 811 2774 sqq.
1076 2749 1077 2752 ,

346 2779 407 2844 Hic
432 2774 487 2866 (sc.
512 2778 642 2861 ventus)
665 2781 720 2845 ubi
744 2781 902 2862 percaluit
927 2780 1137 2862 calefecitque
1160 2780 1272 2845 omnia
1295 2779 1418 2844 circum
1478 2783 1479 2786 ’

349 2869 435 2934 Saxa
458 2869 577 2946 furens,
603 2889 669 2952 qua
692 2870 857 2951 contingit,
882 2874 1080 2952 terramque,
1107 2873 1139 2934 et
1162 2870 1204 2934 ab
1228 2869 1298 2934 ollis
1443 2951 1445 2956 Ι

348 2959 541 3023 Excussit
572 2958 753 3024 calidum
784 2960 965 3024 flammis
995 2959 1252 3024 velocibus
1243 2978 1396 3040 ignem,

349 3047 447 3112 Tollit
433 3051 504 3112 tse
528 3068 566 3113 ac
590 3053 657 3113 rect
659 3049 754 3114 isita
721 3049 927 3117 ttaucibus
951 3049 1023 3113 eicit
1011 3048 1122 3114 tteal.
1347 3117 1350 3124 .

347 3136 456 3219 Ipsam
493 3137 676 3220 denique
667 3137 790 3219 ignium
825 3137 1046 3203 Aetnaeorum
1082 3138 1287 3220 eruptionem
1321 3140 1459 3218 uterque
1493 3136 1565 3218 pari

238 3225 336 3291 modo
360 3226 523 3291 describit.

349 3315 387 3380 ct.
412 3317 504 3380 Lucr.
532 3316 556 3395 Ι,
582 3315 768 3394 raa-725,
793 3316 844 3393 Vl,
870 3317 944 3393 669,
970 3316 1045 3394 681,
1071 3317 1145 3394 69Ι,
1172 3316 1358 3382 699-700.

306 3419 308 3424 ·
348 3404 455 3470 Etiam
484 3405 561 3470 illud
597 3410 781 3470 memoratu
809 3405 940 3488 dignum
973 3426 1043 3470 esse
1073 3405 1211 3484 videtur,
1242 3407 1369 3470 Aetnae
1400 3408 1567 3470 auctorem

238 3517 267 3560 v.
293 3495 357 3560 433
390 3495 564 3572 affirmare,
595 3495 704 3560 locum
734 3496 819 3559 inter
841 3494 1001 3577 Neapolin
1039 3499 1070 3560 et
1094 3494 1218 3575 Cumas
1245 3494 1475 3560 divitissimum
1499 3493 1564 3556 sul-

238 3585 342 3668 phure
367 3603 447 3662 esse,
473 3584 561 3667 quod
584 3585 670 3649 idem
694 3585 862 3649 Lucretius
887 3588 1028 3649 testatur
1052 3585 1102 3662 Vl,
1128 3586 1146 3648 7
1152 3586 1192 3651 47
1217 3605 1265 3667 sq.

349 3673 465 3739 Restat
482 3675 624 3751 demum,
643 3678 680 3738 ut
696 3675 864 3758 utriusque
882 3674 1034 3739 carminis
1051 3675 1194 3757 epilogos
1217 3674 1301 3738 inter
1317 3693 1352 3738 se
1367 3691 1566 3754 comparem.

350 3763 458 3844 Atque
482 3763 649 3827 Lucretius
673 3765 762 3847 operi
786 3784 846 3828 suo
870 3765 1051 3845 elegantem
1082 3764 1333 3847 descriptionem
1363 3761 1463 3846 pestis
1486 3761 1570 3824 illius

240 3852 416 3930 subiunxit,
448 3872 532 3936 quae
564 3853 764 3934 temporibus
798 3853 873 3918 belli
902 3852 1170 3936 Peloponnesiaci
1200 3853 1348 3918 Athenas
1375 3850 1525 3930 vastavit,
1552 3870 1569 3914 e

240 3941 431 4024 Thucydide
455 3942 673 4024 desumptam.

351 4029 455 4095 Simili
477 4032 576 4095 modo
598 4032 725 4096 Aetnae
749 4036 862 4096 auctor
885 4031 1020 4097 carmini
1043 4051 1103 4096 suo
1127 4031 1220 4114 quasi
1251 4031 1418 4096 cumulum
1451 4029 1568 4107 attulit,

240 4120 294 4186 illa
317 4119 357 4184 de
382 4120 620 4186 Catanensibus
643 4120 798 4187 fratribus
821 4121 931 4186 tabula
956 4121 1091 4200 adiecta,
1117 4141 1217 4202 quam
1234 4141 1251 4185 e
1269 4120 1399 4186 Graecis
1423 4118 1566 4184 fontibus

239 4209 387 4275 hausisse
417 4210 556 4275 videtur.
608 4212 716 4293 Atque
745 4211 830 4275 hanc
860 4210 1004 4275 fabulam
1036 4211 1146 4275 multis
1177 4212 1286 4275 verbis
1316 4213 1462 4288 enarrat,
1496 4228 1570 4273 cum

240 4301 461 4365 Seneca‘eam
484 4299 597 4364 leviter
620 4301 760 4382 attigerit
785 4299 838 4381 (de
861 4300 965 4364 benet.
991 4301 1043 4379 Ill,
1075 4301 1128 4378 ΙΙ,
1152 4300 1172 4363 A
1198 4304 1229 4364 et
1255 4299 1303 4377 Vl,
1329 4301 1381 4378 36,
1408 4298 1452 4380 1),
1480 4298 1599 4380 unde,

240 4388 333 4454 facile
357 4388 550 4470 intellegitur
573 4409 645 4454 eam
671 4411 688 4454 e
709 4390 832 4455 Seneca
853 4392 1039 4472 excerptam
1064 4409 1134 4453 esse
1157 4408 1224 4454 non
1248 4409 1354 4472 posse.
1385 4388 1467 4452 lllud
1491 4408 1569 4453 vero

240 4478 422 4561 praefracte
451 4479 563 4559 negari
592 4498 657 4543 non
687 4484 804 4562 potest,
837 4479 996 4544 Senecam
1028 4499 1067 4543 ex
1090 4479 1197 4544 Aetna
1219 4479 1305 4544 illius
1328 4479 1458 4545 fabulae
1481 4478 1569 4543 noti-

212 4631 217 4642 ,
241 4569 322 4633 tiam
346 4567 523 4651 repetiisse.

354 4659 444 4722 Haec
468 4657 579 4735 habui,
604 4677 690 4739 quae
707 4658 747 4722 de
763 4658 888 4723 Aetnae
905 4658 1047 4724 auctoris
1070 4678 1144 4724 cum
1161 4658 1309 4723 Lucretio
1333 4657 1571 4740 conspiratione

242 4746 431 4828 proferrem.
