3514 5288
734 312 950 378 „44-

286 493 355 558 lam
385 493 551 576 intelleges
581 492 684 557 multa
718 493 844 558 Aetnae
874 496 1067 574 argumenta
1096 512 1116 557 a
1147 491 1271 557 Seneca
1305 509 1371 556 non
1405 509 1496 555 usur·

176 585 254 665 pata
278 582 364 665 apud
380 582 566 648 Lucretium
582 581 720 646 inveniri
739 585 838 664 atque
855 601 894 647 ea
909 581 977 646 tere
993 581 1113 661 omnia,
1138 601 1222 664 quae
1236 582 1361 646 auctori
1377 580 1505 646 Aetnae

177 675 209 738 ct
220 671 363 737 Senecae
375 672 562 739 communia
574 675 660 748 sunt,
678 691 696 735 e
708 671 847 736 Lucretii
861 672 911 750 ,de
923 690 1033 735 rerum
1046 670 1174 754 natura‘
1187 671 1278 736 libris
1291 670 1410 736 hausta
1422 689 1505 734 esse.

288 761 335 826 De
358 781 477 844 genere
500 760 628 826 dicendi
645 761 769 826 Aetnae
793 761 934 826 auctoris
959 760 1118 826 consimili
1133 761 1324 826 Lucretiano
1345 760 1504 824 disserere

175 851 268 917 facile
291 853 497 934 supersedeo,
523 869 598 915 curn
620 851 654 914 in
677 869 751 915 earn
774 870 844 914 rem
868 851 934 916 iam
958 850 1142 916 accuratius
1165 849 1367 933 inquisiverit
1385 849 1506 914 Xrucz-

176 940 306 1006 kiewicz
328 942 360 1005 in
386 961 424 1006 ea
448 939 704 1023 quaestiuncula,
729 960 814 1023 quae
837 939 1023 1004 inscribitur
1048 941 1182 1018 ,Podma
1205 939 1245 1003 de
1262 940 1368 1004 Aetna
1392 943 1504 1004 monte

175 1030 315 1112 Vergilio
339 1029 463 1096 auctori
481 1029 687 1112 potissimum
711 1049 782 1094 esse
798 1027 1019 1094 tribuendum‘
1046 1024 1091 1111 (p.
1113 1026 1264 1110 18—28).
1290 1028 1384 1106 Quae
1396 1032 1507 1093 autern

177 1121 279 1186 verba
302 1120 547 1203 locutionesque
571 1139 610 1183 ex
633 1119 771 1184 Lucretii
794 1119 884 1183 libris
908 1107 1082 1200 desunlpta
1106 1115 1224 1196 essent,
1252 1117 1422 1201 diligenter
1445 1117 1519 1184 ad·-

176 1209 289 1274 notavi
313 1209 345 1273 in
371 1209 489 1288 ‚Indice
512 1208 659 1274 locorum
675 1208 943 1276 Lucretianorum
967 1212 999 1272 et
1021 1205 1302 1290 Vergilianorum‘.

287 1298 358 1364 Iam
388 1301 524 1381 apparet
555 1302 721 1364 auctorem
752 1297 878 1362 Aetnae
908 1298 950 1363 ad
982 1297 1120 1362 Lucretii
1153 1297 1339 1380 exemplum
1370 1315 1405 1360 se
1429 1315 1507 1361 con·

177 1387 337 1453 lormasse
361 1407 501 1470 eumque
524 1387 673 1470 inprimis
691 1387 891 1456 ,imitandum
915 1387 976 1452 sibi
998 1387 1216 1469 proposuisse.

94 1476 96 1485 '
287 1476 382 1542 Nunc
412 1496 534 1561 quaero
558 1497 598 1542 ex
621 1481 663 1556 te,
694 1496 774 1541 num
804 1480 899 1558 putes
931 1479 1062 1540 centum
1093 1480 1124 1540 et
1153 1475 1265 1557 viginti
1298 1475 1392 1540 annis
1416 1478 1507 1558 post-

176 1586 276 1652 quam
308 1566 476 1632 Lucretius
506 1566 602 1646 obiit,
637 1585 837 1648 quemquam
868 1566 1045 1644 exstitisse,
1080 1565 1135 1648 qui
1169 1565 1315 1648 neglecta
1346 1564 1508 1646 elegantia

176 1655 336 1721 sermonis
358 1656 600 1735 Augusteorum
623 1659 794 1738 poetarum
818 1654 943 1720 ieiunos
966 1655 1038 1719 illos
1059 1675 1173 1720 versus
1197 1655 1404 1720 imitaretur?

288 1745 368 1810 Illud
398 1765 476 1810 vero
508 1745 601 1810 facile
635 1744 695 1808 sibi
727 1744 865 1826 quisque
895 1746 1101 1826 persuadeat,
1132 1744 1230 1827 paulo
1260 1747 1436 1826 postquam
1464 1741 1508 1806 illi

177 1835 227 1914 ,de
250 1855 361 1900 rerum
384 1833 511 1900 natura‘
542 1835 617 1900 libri
648 1835 725 1899 editi
756 1837 873 1913 essent,
905 1833 1070 1916 quendam
1092 1833 1291 1912 Romanurn,
1326 1834 1381 1915 qui
1406 1852 1440 1896 se
1464 1831 1508 1897 ad

175 1925 283 2007 poesis
314 1924 458 1990 studium
489 1924 688 2003 contulisset,
719 1943 804 1988 novo
835 1923 919 1988 illius
951 1922 1104 1988 carminis
1134 1943 1252 2006 genere
1276 1926 1375 2005 atque
1398 1921 1507 1988 indole

175 2014 258 2079 adeo
282 2019 414 2097 captum
439 2033 519 2092 esse,
544 2017 581 2079 ut
603 2014 673 2096 ipse
696 2012 775 2078 talia
798 2016 982 2079 conaretur.

286 2103 351 2169 Sed
373 2103 439 2168 iam
463 2103 646 2169 accuratius
669 2102 883 2184 inquiramus,

222 2369 315 2456 Quo
344 2371 550 2472 tempore
581 2389 756 2448 carmen
786 2369 1027 2448 Aetnaeum
1059 2367 1357 2470 conscriptum
1387 2367 1461 2448 sit.

289 2558 563 2650 Wernsdorfius¹)
589 2567 775 2632 coniectura
789 2570 958 2634 assecutus
982 2570 1031 2631 est
1047 2565 1204 2631 Lucilium
1222 2565 1398 2644 Juniorem,
1424 2565 1508 2630 ami·

177 2655 342 2721 cissimum
367 2656 510 2722 Senecae
533 2655 727 2740 philosophi,
751 2657 840 2738 illud,
865 2656 954 2741 quod
977 2659 1026 2721 est
1049 2657 1089 2722 de
1104 2655 1214 2721 Aetna
1235 2659 1356 2736 monte,
1375 2672 1507 2720 carmen

177 2765 302 2810 consen
326 2765 415 2810 sisse.

104 2823 105 2828 ἵ
288 2767 395 2912 (Xuam
419 2835 640 2899 coniecturam
663 2834 846 2900 Fridericus
869 2829 1040 2918 lacobustl
1071 2833 1274 2917 approbavit,
1302 2830 1449 2914 Munro³l
1473 2833 1507 2899 in

177 2924 311 3008 dubium
335 2924 474 3003 vocavit,
490 2922 755 3007 ,Baehrensius⁴)
778 2924 941 3003 refutavit,
974 2943 1047 2988 curn
1071 2925 1213 2990 Aetnam
1241 2924 1371 2989 saeculo
1394 2922 1507 3006 Augu-

177 3018 246 3079 steo
277 3013 442 3079 conditam
467 3033 537 3078 esse
565 3014 705 3079 doceret.
752 3014 873 3079 Tribus
903 3015 997 3096 annis
1027 3017 1103 3096 post
1125 3008 1244 3098 (1883)
1268 3013 1505 3078 Xruczhiewicz

177 3103 423 3169 demonstrabat
460 3109 588 3186 ‚poema
618 3103 658 3168 de
688 3101 796 3168 Aetna
827 3107 938 3168 monte
969 3103 1108 3185 Vergilio
1143 3104 1268 3170 auctori
1300 3103 1508 3186 potissimum

177 3213 248 3259 esse
270 3191 503 3258 tribuendum‘.
533 3193 598 3259 Sed
622 3209 713 3257 anno
733 3192 917 3275 insequenti
942 3186 1055 3278 (1884)
1072 3193 1245 3277 Waglerus
1270 3212 1308 3257 eo
1331 3192 1424 3269 libro,
1451 3192 1507 3275 qui

176 3282 362 3347 inscribitur
387 3283 443 3360 ,De
466 3283 574 3348 Aetna
596 3286 749 3365 poemate
773 3284 981 3365 quaestiones
998 3283 1150 3360 criticae‘,
1175 3283 1339 3366 profectus
1363 3283 1406 3346 ab
1426 3281 1507 3350 Aet·

176 3392 238 3436 nae
270 3372 411 3436 auctoris
444 3386 532 3436 cum‘
550 3373 675 3437 Seneca
707 3374 961 3454 conspiratione,
995 3373 1081 3437 intra
1117 3392 1220 3438 annos
1253 3373 1295 3435 65
1332 3377 1364 3435 et
1398 3372 1439 3436 79
1475 3392 1507 3454 p.

176 3460 250 3526 Chr.
281 3481 315 3526 n.
346 3465 455 3526 ortum
486 3481 557 3526 esse
586 3461 665 3526 illud
697 3461 819 3540 ,incerti
851 3460 1003 3526 auctoris‘
1035 3481 1167 3526 carmen
1193 3461 1253 3526 sibi
1277 3461 1507 3544 persuadebat.

287 3552 331 3615 At
360 3550 448 3615 nullo
485 3551 584 3615 modo
619 3550 752 3615 concedi
787 3555 897 3632 potest
933 3550 1012 3615 illud
1041 3551 1243 3633 poematium
1273 3551 1411 3616 Neronis
1445 3550 1508 3614 irn-

175 3640 336 3724 peratoris
349 3639 552 3724 temporibus
575 3641 643 3705 ie.
667 3639 753 3704 intra
769 3661 873 3705 annos
889 3640 931 3705 65
957 3644 988 3704 et
1011 3641 1054 3706 68
1076 3660 1109 3725 p.
1133 3640 1208 3706 Chr.
1232 3660 1264 3706 n.
1290 3640 1507 3723 compositum

176 3750 256 3796 esse.
296 3729 398 3795 Poeta
422 3730 508 3794 enim
531 3751 562 3794 v.
587 3729 763 3795 aar-432
789 3731 907 3808 ,locum
930 3729 1016 3794 inter
1038 3730 1198 3813 Neapolin
1223 3734 1254 3794 et
1278 3729 1398 3795 Cumas
1423 3729 1508 3794 mul·

175 3819 216 3884 tis
246 3819 313 3884 iam
342 3818 494 3903 frigidum
523 3819 617 3885 annis
649 3818 729 3884 esse‘
761 3820 914 3885 affirmat.
960 3819 1052 3884 lllam
1083 3824 1195 3885 autem
1226 3820 1392 3902 regionem
1420 3840 1449 3885 a.
1474 3839 1505 3903 p.

175 3909 249 3975 Chr.
273 3929 305 3974 n.
330 3911 372 3974 63
403 3913 509 3992 terrae
539 3909 683 3974 motibus
713 3913 866 3974 vexatam
896 3928 966 3973 esse
997 3910 1123 3975 Seneca
1152 3909 1213 3991 ipsi
1243 3909 1374 3986 Lucilio,
1409 3928 1508 3992 quem

175 3999 282 4064 adhuc
304 3998 451 4064 nonnulli
475 3998 627 4063 carminis
657 4001 825 4063 auctorem
855 4018 926 4063 esse
956 3996 1115 4080 putant,⁶)
1147 3998 1273 4076 scribit;
1304 3999 1344 4064 de
1369 3997 1507 4081 Neapoli

175 4108 253 4153 vero
282 4089 363 4154 baec
393 4088 471 4154 dicit
501 4084 553 4169 (N.
584 4086 623 4165 Q.
647 4088 697 4166 VI,
726 4081 829 4172 1,a):
860 4088 1013 4171 Neapolis
1045 4087 1177 4170 quidem
1207 4088 1360 4170 privatim
1393 4089 1506 4167 multa,

173 4178 302 4260 publice
324 4178 405 4243 nihil
428 4177 546 4244 amisit.
586 4177 625 4242 cl.
650 4178 737 4242 Suet.
762 4177 848 4241 Nero
872 4177 932 4256 203
957 4179 1034 4243 Tac.
1060 4177 1168 4242 annal.
1195 4177 1262 4258 XV,
1290 4179 1344 4244 XX.
1382 4177 1507 4243 Poetae

285 4350 305 4450 :l
324 4353 427 4409 Pob'tae
447 4352 540 4408 Latini
560 4354 686 4410 minores.
705 4355 773 4411 lom.
791 4353 838 4421 IV,
858 4371 887 4424 p.
908 4353 940 4408 ll
959 4371 1019 4423 sqq.

284 4427 307 4594 r
326 4423 346 4551 r:
364 4442 388 4552 2:
406 4443 435 4568 r:
453 4424 595 4567 eun·

296 4567 306 4638 )
325 4567 344 4623 l.
365 4585 388 4623 e.
407 4587 434 4638 p.
454 4569 489 4624 30
508 4586 548 4638 sq.
1522 4587 1525 4596 ’

286 4636 306 4709 ⁵)
324 4638 587 4725 Teuffel-Schwabe,
616 4639 782 4698 Gescbiohie
807 4642 856 4697 der
882 4647 949 4698 rtlm.
969 4641 1120 4708 hilaratur,
1148 4642 1172 4698 5.
1193 4643 1265 4698 Auli.
1291 4660 1317 4713 p.
1338 4639 1405 4708 rs1;
1431 4637 1508 4704 ullis,

176 4711 272 4767 Journ.
292 4712 323 4768 of
338 4711 437 4782 philol.
459 4711 519 4780 XX,
538 4731 566 4784 p.
585 4711 649 4769 231.
