3514 5288
756 346 974 412 -40-

311 525 422 589 Primo
446 526 497 603 ,de
520 545 630 589 rerum
653 524 781 590 natura‘
806 524 888 589 libro
912 528 1003 608 ,quot
1027 528 1058 589 et
1074 543 1159 608 quae
1174 525 1239 590 sint
1263 545 1382 608 magno
1405 525 1532 591 natalia

201 615 323 678 mundo
346 614 513 698 principia*
545 610 653 695 (Aetn.
683 634 714 678 v.
738 611 818 694 668)
848 614 923 678 inde
954 633 1094 678 aversu
1117 615 1182 679 665
1212 614 1345 680 uberius
1376 615 1531 698 disputat.

313 704 349 768 ld
382 723 513 786 quoque
542 703 709 768 Lucretius
739 703 941 786 disceptavit,
976 723 1122 782 ,occasus
1152 707 1299 770 metuant
1329 725 1371 770 an
1402 704 1533 772 saecula

198 796 345 876 pergant,
377 793 418 859 Et
439 794 535 858 firma
565 797 698 858 aeterno
728 792 862 876 religata
886 792 928 858 sit
951 792 1103 860 machina
1126 791 1241 858 vinclo‘
1271 792 1380 878 (Aetn.
1408 815 1440 860 v.
1463 794 1531 864 629

201 886 233 946 et
256 882 352 962 230lz
1477 909 1479 916 ·

314 973 408 1037 Lucr.
432 971 469 1050 V,
495 972 597 1036 1209:

311 1061 467 1144 Temptat
490 1062 577 1125 enim
601 1060 734 1126 dubiam
759 1063 904 1126 mentem
927 1061 1062 1126 rationis
1086 1065 1224 1144 egestas,

311 1151 442 1233 Ecquae
465 1169 543 1216 narn
567 1149 663 1216 fuerit
686 1150 799 1215 mundi
823 1150 971 1234 genitalis
996 1151 1095 1234 origo,
1168 1181 1174 1192 ·

311 1240 351 1305 Et
374 1239 471 1305 simul
495 1259 651 1322 ecquae
684 1240 742 1305 sit
771 1239 888 1318 finis,
913 1260 978 1323 quo
1002 1240 1045 1305 ad
1067 1242 1198 1308 moenia
1222 1243 1335 1308 mundi

312 1328 445 1394 Solliciti
468 1332 576 1393 motus
599 1329 686 1394 hune
710 1331 837 1412 possint
859 1328 944 1395 ferre
968 1330 1125 1411 laborem,

312 1417 364 1482 An
389 1419 542 1484 divinitus
565 1423 740 1484 aeterna
769 1419 926 1484 donata
955 1420 1106 1498 salute

312 1508 521 1591 Perpetuo
544 1508 669 1591 possint
693 1508 765 1574 aevi
788 1509 932 1574 labentia
955 1513 1064 1575 tractu

311 1597 465 1662 Immensi
488 1598 613 1663 validas
638 1597 709 1663 aevi
734 1601 942 1663 contemnere
964 1593 1063 1665 viris.

313 1687 353 1752 cf.
377 1687 454 1752 ibid.
478 1687 544 1751 245
568 1707 628 1769 sq,
654 1687 696 1752 95
721 1707 768 1769 sq.
792 1687 830 1767 Il,
858 1687 943 1752 1144
966 1708 1037 1772 sqq.

310 1777 409 1842 Libro
442 1777 556 1859 quinto
588 1777 758 1842 Lucretius
787 1777 828 1841 de
858 1777 926 1842 sole
959 1783 990 1842 et
1020 1777 1098 1844 luna
1129 1778 1238 1857 (Aetn.
1263 1801 1315 1846 vv.
1341 1779 1533 1868 231—2233)

201 1867 331 1950 copiose
356 1866 501 1931 disserit:

308 1977 339 2021 v.
357 1957 399 2021 76
423 1955 598 2021 Praeterea
614 1956 692 2021 solis
706 1975 820 2021 cursus
837 1956 999 2039 lunaeque
1015 1961 1179 2023 meatus
1196 1955 1316 2040 (Aetna
1331 1960 1396 2026 233
1412 1956 1534 2041 meet)

311 2045 490 2129 Expediam
514 2065 580 2127 qua
602 2045 634 2109 vi
657 2045 768 2111 flectat
788 2049 908 2110 natura
932 2047 1130 2128 gubernans.

105 2209 108 2218 ,
310 2136 419 2218 Atque
443 2154 518 2199 curn
534 2133 577 2218 (v.
596 2131 785 2217 sot-614)
809 2134 885 2199 solis
901 2134 1063 2218 lunaeque
1080 2137 1338 2220 magnitudinem
1352 2142 1533 2203 monstras-

200 2229 259 2304 set,
285 2225 460 2307 explanare
488 2228 623 2289 conatus
651 2227 710 2303 est,
736 2244 792 2288 cur
807 2224 885 2289 luna
901 2224 1072 2290 duodecim
1087 2221 1276 2310 [pervolaret
1299 2228 1395 2293 orbes
1418 2229 1532 2293 eodem

200 2319 357 2396 ternpore,
382 2332 447 2395 quo
470 2313 517 2377 sol
542 2332 645 2377 unum
669 2315 783 2378 orbem
807 2314 980 2379 conficeret
1003 2312 1111 2398 (Aetn.
1136 2337 1189 2381 vv.
1213 2317 1289 2397 636,
1314 2314 1404 2399 633).

312 2404 406 2467 Lucr.
429 2402 465 2478 V,
491 2402 555 2467 616
580 2400 664 2484 (Quo
687 2403 784 2486 pa'cto
810 2453 817 2466 .
842 2447 851 2463 .
876 2399 898 2482 .)

314 2492 471 2574 Lunaque
494 2491 661 2556 mensibus
684 2493 717 2556 id
741 2491 883 2575 spatium
908 2490 1057 2556 videatur
1080 2493 1179 2571 obire,

313 2583 433 2646 Annua
456 2577 511 2660 (=
535 2581 630 2645 Aetn.
655 2579 734 2662 233)
758 2581 806 2645 sol
829 2581 860 2645 in
886 2601 952 2664 quo
976 2582 1137 2646 consumit
1157 2585 1311 2665 „tempora
1334 2596 1467 2669 cursus

315 2671 382 2734 lam
406 2669 490 2748 vide,
515 2673 552 2735 ut
573 2669 700 2735 Aetnae
723 2675 836 2735 auctor
865 2691 897 2735 v.
921 2671 986 2736 239
1007 2691 1078 2754 sqq.
1109 2671 1254 2737 imitatus
1285 2672 1327 2737 sit
1349 2672 1535 2738 Lucretium

204 2759 281 2825 anni
304 2764 455 2842 tempora
478 2759 524 2823 ita
547 2759 802 2824 describentem:

315 2849 352 2928 V,
378 2848 441 2914 735
465 2868 536 2930 sqq.

316 2938 343 3002 It
366 2957 423 3002 ver
447 2940 479 3002 et
502 2937 621 3016 Venus
646 2941 679 3002 et
701 2937 786 3002 veris
809 2937 1024 3020 praenuntius
1047 2942 1125 3003 ante

316 3026 484 3092 P-ennatus
507 3027 652 3108 graditur
676 3027 844 3110 zephyrus,
870 3027 1006 3109 vestigia
1029 3031 1163 3110 propter

315 3115 411 3180 Flora
434 3116 553 3198 quibus
576 3118 683 3181 mater
704 3135 941 3199 praespargens
965 3121 1041 3181 ante
1063 3117 1128 3182 viai

317 3205 442 3270 Cuncta
466 3204 626 3270 coloribus
651 3205 785 3289 egregiis
809 3210 841 3270 et
865 3206 1020 3271 odoribus
1044 3207 1164 3289 opplet.

316 3294 394 3359 Inde
417 3294 478 3359 loci
502 3295 649 3377 sequitur
672 3295 761 3360 calor
784 3294 895 3360 aridus
919 3298 978 3360 etc.

317 3385 426 3466 Atque
456 3386 582 3449 Aetnae
618 3387 747 3463 auctor,
786 3404 859 3449 curn
896 3385 1034 3450 naturae
1071 3385 1278 3468 hominisque
1310 3387 1411 3451 vitam
1447 3407 1537 3453 com-

204 3478 349 3557 pararet,
375 3474 514 3538 Lucretii
538 3475 674 3557 vestigia
698 3477 829 3538 secutus
853 3477 912 3538 est.

316 3564 353 3642 V,
379 3565 443 3628 668
467 3563 644 3629 florescunt
666 3567 813 3647 tempore
838 3567 925 3628 certo

316 3654 463 3718 Arbusta
487 3656 519 3718 et
541 3657 629 3718 certo
653 3652 820 3718 dimittunt
845 3657 991 3735 tempore
1013 3652 1147 3718 florem:

314 3741 382 3807 Nee
406 3743 514 3806 minus
537 3743 570 3806 in
595 3746 684 3807 certo
708 3742 821 3808 dentes
846 3742 961 3807 cadere
984 3740 1125 3825 imperat
1147 3747 1238 3808 aetas

225 3821 237 3838 “
316 3832 479 3914 Tempore
503 3834 536 3895 et
559 3830 727 3914 impubem
751 3832 839 3897 molli
863 3832 1043 3914 pubescere
1065 3836 1156 3898 veste

316 3921 357 3986 ut
379 3920 500 4004 pariter
523 3921 655 3985 mollem
678 3921 773 3986 malis
797 3921 966 3986 demittere
990 3922 1138 3987 barbam.
1441 3992 1443 3997 ι

317 4010 389 4075 Hoc
417 4010 488 4074 loco
519 4009 598 4074 illud
629 4029 759 4093 quoque
791 4010 994 4076 afferendum
1025 4014 1075 4075 est
1105 4014 1136 4076 et
1158 4010 1284 4075 Aetnae
1308 4013 1477 4076 auctorem
1506 4015 1538 4077 et

206 4100 391 4165 Lucretium
416 4099 662 4182 mundi‘partes
686 4099 856 4165 nominare
879 4103 955 4179 trae,
981 4100 1117 4178 caelum,
1141 4119 1243 4179 mare,
1267 4103 1406 4166 terram:

317 4191 414 4254 Aetn.
437 4208 489 4254 vv.
516 4187 700 4256 102-104.
748 4190 842 4254 Lucr.
866 4189 903 4268 V,
928 4191 970 4256 96
994 4188 1157 4272 Principio
1181 4189 1313 4255 maria
1336 4210 1375 4256 ae
1397 4194 1537 4256 terras

208 4279 453 4362 caelumque
475 4282 576 4355 tuere,
1279 4315 1282 4322 ,

318 4368 466 4447 Quorum
489 4371 641 4433 naturam
665 4366 900 4451 triplicem,
926 4367 1009 4432 tria
1032 4387 1179 4450 corpora,
1202 4368 1345 4448 Memmi,

319 4459 413 4523 Tris
436 4458 561 4542 species
583 4461 652 4523 tam
676 4457 851 4536 dissimilis,
876 4455 958 4522 tria
981 4456 1060 4522 talia
1082 4461 1173 4523 texta
1196 4463 1256 4524 etc.

318 4547 365 4612 De
389 4548 459 4631 ipsa
475 4552 562 4613 terra
579 4551 692 4613 auctor
706 4548 831 4613 Aetnae
852 4548 933 4613 haec
958 4546 1051 4612 dicit:
1077 4548 1278 4634 ,deseditque
1301 4549 1415 4616 infima
1430 4549 1536 4630 tellus,

208 4637 273 4703 Sed
296 4637 391 4702 tortis
414 4637 537 4702 rimosa
560 4638 648 4703 cavis
673 4633 887 4718 (ros—104).

317 4727 441 4796 Eadem
464 4726 632 4792 Lucretius
656 4728 693 4806 V,
717 4727 783 4792 449
807 4747 878 4810 sqq.
