1019 1442
450 148 559 164 -41—

228 193 291 214 Quippe
303 193 363 209 etenim
375 193 445 214 primum
459 193 507 209 terrai
519 198 588 213 corpora
600 198 679 214 quaeque.

228 215 316 236 Propterea
328 216 372 236 quod
384 217 431 231 erant
442 215 498 236 grav-ia
510 216 526 231 et
537 215 619 236 perplexa,
631 215 697 231 coibant

228 238 244 254 [u
257 238 311 254 medio
323 239 372 258 atque
384 238 437 254 imas
453 238 567 258 capiebant
583 238 652 254 omnia
667 238 734 254 sedes.

228 265 242 276 v
255 260 287 276 457
300 260 336 276 ideo
351 265 387 281 per
402 265 450 276 rara
465 260 569 276 foramina

228 283 255 303 (=
267 283 321 299 Aetna
333 282 385 302 ,tortis
396 283 457 299 rimosa
469 282 525 303 cavis)
537 283 591 299 terrae

227 305 303 321 Partibus
316 310 402 325 erumpens
414 305 476 326 primus
488 310 506 321 se
518 305 582 321 sustulit
594 305 651 321 aether

227 326 255 347 (=
267 327 314 343 Aetn.
327 333 342 343 v
356 327 395 343 103:
408 332 448 347 sors
460 328 499 343 data
511 327 556 343 coelo
568 325 640 348 Prima).

227 350 261 366 Iam
273 350 314 369 vide.
330 351 392 370 quanta
407 350 483 370 religione
498 351 555 366 auctor
566 350 634 369 Aetnae
651 355 693 369 curn,
709 350 768 370 quihus
784 350 837 366 causis

172 372 216 392 ignes
232 372 300 388 Aetnaei
317 374 427 393 erumperent,
443 372 540 393 inquireret,
556 372 623 393 vestigia
638 372 707 388 Lucretii
724 372 796 392 magistri
812 372 836 388 sui

172 395 255 415 carpserit.

227 417 273 433 Lucr.
286 417 329 433 enim
341 417 382 433 libro
394 418 440 433 sexto
452 417 490 433 inde
502 422 512 433 a
524 421 573 433 versu
581 417 618 436 535,
631 417 722 437 exquirens.
736 422 783 437 ‚quae
795 417 837 433 ratio

172 440 225 455 terrae
236 439 308 455 motibus
321 439 383 459 exstet*v
396 439 436 455 haec
448 439 522 460 exponit:

228 461 250 481 ,In
262 462 319 482 primis
331 462 391 478 terram
404 462 429 478 sac
441 463 459 478 ut
471 467 506 478 esse
518 462 569 478 rearis

227 484 286 500 Suhter
298 484 337 500 item
349 485 367 500 ut
379 489 438 505 supera
449 484 547 500 ventosis
562 484 654 505 undique
668 484 750 505 plenam

226 506 343 527 Speluncis.

227 529 257 545 631
271 534 319 545 raro
332 534 369 545 eum
381 534 449 549 corpore
461 529 508 545 tellus
520 530 549 548 est.

227 551 259 567 592
271 551 305 567 sera
317 551 341 567 vis
354 551 397 567 venti
408 556 444 572 per
460 552 534 567 crebra
550 551 656 567 foramina
671 552 741 567 terrae

226 573 328 594 Dispertitur:

227 596 288 612 Deinde
304 596 368 612 disserit
384 596 401 612 iu
416 597 469 612 terrae
485 596 595 612 subterraneis
611 595 693 616 speluncis
705 596 772 612 flumina
784 596 836 612 undas

171 618 244 634 volvere:

227 645 242 656 v.
255 641 296 657 540:
308 640 391 661 Multaque
403 641 440 657 sub
454 641 513 661 tergo
527 641 593 657 terrai
607 640 696 657 flumina
708 641 764 656 tenta

228 663 296 679 Volvere
309 663 324 679 vi
336 663 400 682 fluctus,

229 685 245 701 id
257 685 301 706 quod
313 686 376 701 Aetnae
388 686 446 701 auctor
457 685 537 701 consentit
548 690 563 701 v.
577 685 617 701 126:

227 708 260 724 Aut
272 708 335 724 occulta
347 708 400 724 fluunt
411 707 458 723 tectis
470 707 549 728 adoperta
561 707 640 723 cavernis.

227 730 295 750 Saepius
307 731 371 750 partem
383 730 454 750 aliquam
469 731 522 746 terrae
537 735 604 750 pessum
616 730 709 746 subsedisse
725 730 742 746 et
753 729 837 746 Lucretius

171 753 187 768 et
199 752 262 768 Aetnae
274 754 331 769 auctor
342 752 421 768 affirmat:

226 775 274 791 Aetn.
287 780 313 791 vv,
326 775 422 794 137-138;

227 797 274 813 Lucr.
288 797 311 816 Vl,
324 797 366 813 584:

226 819 316 835 Diffindens
328 821 388 835 ten-am
400 818 428 839 (sc.
441 819 465 835 vis
477 817 526 840 venti)
538 824 616 839 magnum
628 819 715 835 concinnat
726 819 789 835 hiatum

227 841 268 857 589:
280 842 297 857 et
308 841 369 858 multae
381 846 410 862 per
422 846 468 858 mare
479 846 563 862 pessum

226 863 306 880 Subsed
312 868 346 880 ere
358 864 391 880 suis
403 864 464 884 pariter
475 868 513 880 cum
525 863 587 880 civibus
599 863 652 879 urbes.

227 885 262 902 Hos
280 887 333 902 terrae
350 887 410 905 motus.
426 886 486 906 quibus
502 887 547 902 totae
563 886 612 902 urbes
628 886 705 902 corruant
720 885 780 906 (Aetna
798 870 837 905 l72;

171 908 262 928 Luer.V1
279 908 336 925 585-
341 908 380 929 590)
396 909 445 929 atque
460 908 535 925 homiues
552 908 575 925 ita
590 909 710 928 exterreantur
727 909 746 924 ut
762 908 837 927 ‚fractum

171 930 228 946 orbem
240 930 341 951 illapsurum‘
353 932 411 952 putent
422 929 477 952 (Aetn.
489 936 516 947 vv.
530 931 625 950 173—174;
637 930 684 947 Lucr.
696 930 715 951 V,
729 930 837 947 1234—1238

171 952 198 972 VI,
217 953 313 970 565—567
329 954 345 969 et
361 953 467 973 601—607),
484 954 571 969 ventorum
588 953 604 969 vi
620 953 693 969 maxima
710 953 756 972 effici,
773 953 837 974 utrique

170 980 269 996 persuasum
280 976 310 992 est.

226 998 274 1014 Aetn.
286 1003 313 1014 vv.
327 998 424 1017 146—154;
436 998 482 1014 Lucr.
495 998 521 1017 VI,
534 997 628 1014 557—600.

226 1020 297 1037 Aetnam
308 1020 367 1041 ipsam,
379 1021 397 1036 ut
408 1020 502 1036 universam
514 1021 581 1040 terram,
596 1020 668 1036 ventosis
679 1020 745 1041 plenam
755 1020 837 1041 speluncis

171 1047 211 1062 esse,
224 1042 308 1059 Lucretius
320 1047 350 1059 nos
362 1043 418 1059 docet:

227 1065 253 1085 Vl,
265 1065 297 1081 682
310 1070 346 1086 sqq.
358 1065 429 1086 primum
440 1064 507 1081 totius
520 1065 612 1081 subcava
627 1065 704 1081 montis

226 1087 262 1104 Est
273 1088 357 1108 natura,
369 1088 403 1104 fere
415 1087 479 1104 silicum
490 1087 557 1103 suffulta
569 1087 648 1103 cavernis.

226 1110 328 1126 Omnibus
343 1111 374 1126 est
389 1115 453 1131 porro
468 1109 488 1126 in
503 1110 612 1130 speluncis
626 1110 703 1126 ventus
718 1110 737 1126 et
752 1111 791 1126 aer.

226 1132 288 1149 Eadem
300 1133 357 1149 auctor
367 1133 431 1149 Aetnae
443 1131 545 1152 (175—218)
557 1132 631 1153 pluribus
642 1132 751 1153 persequitur.

226 1154 265 1171 Inde
277 1160 287 1171 a
298 1159 347 1171 versu
358 1155 390 1171 282
403 1160 455 1176 usque
467 1155 487 1171 ad
499 1160 515 1171 v.
527 1154 560 1171 320
572 1155 628 1171 auctor
639 1155 703 1171 Aetnae
715 1154 787 1176 exponit,
804 1159 837 1176 qua

170 1177 233 1193 ratione
245 1177 311 1193 turbida
322 1177 349 1193 illa
360 1178 447 1193 ventorum
459 1177 483 1193 vis
495 1177 568 1193 exsistat.

226 1199 280 1220 Atque
295 1199 326 1216 hae
341 1199 357 1215 in
373 1204 390 1216 re
405 1200 476 1216 maxime
491 1204 580 1220 cognoscas
595 1199 641 1215 illum
656 1204 688 1215 non
700 1199 753 1216 solum
766 1204 785 1216 ea
797 1204 836 1215 vera

170 1221 252 1241 habuisse.
261 1227 304 1243 quae
311 1222 395 1238 Lucretius
403 1222 475 1241 dixisset,
487 1221 547 1241 omnia,
556 1222 585 1238 sed
593 1221 642 1238 etiam
651 1226 687 1238 eam
695 1221 740 1238 viam
748 1222 836 1238 rationem-

170 1248 203 1265 que
218 1244 251 1260 veri
268 1244 376 1265 investigandi
391 1245 465 1260 secutum
477 1248 518 1263 esse,
534 1244 600 1264 qualem
616 1244 694 1265 magister
705 1244 836 1261 monstravisset:
