3514 5288
255 540 424 604 seponam,
454 519 652 585 imitationes
682 540 760 584 vero
791 521 1002 584 Lucretianas
1035 524 1134 600 atque
1164 539 1220 583 cos
1251 520 1338 583 locos
1370 518 1579 599 Vergilianos

252 612 309 692 qui
333 611 475 674 maxime
499 612 541 675 ad
558 629 690 674 carmen
707 609 891 673 Aetnaeum
915 609 1078 690 pertinere
1101 608 1181 672 mihi
1204 608 1365 687 videntur,
1382 609 1488 690 primo
1508 609 1580 672 loco

250 699 422 764 enarrabo

365 790 417 853 Ab
433 787 496 852 hoc
519 787 624 852 indice
645 788 790 852 locorum
806 787 1074 852 Lucretianernm
1090 790 1123 850 et
1142 784 1398 867 Vergilianornm
1415 786 1578 868 profectus

249 878 318 960 ipse
348 875 521 942 nonnullos
551 878 639 941 locos
671 877 845 943 emendare
876 895 1047 958 aggressus
1078 895 1161 953 sum,
1186 874 1239 939 alii
1268 874 1301 939 in
1332 875 1387 939 illo
1419 876 1574 954 carmine,

250 968 300 1032 cui
316 972 465 1048 tempora
481 967 622 1048 pessime
635 967 876 1043 consuluerunt,
895 963 1041 1030 sanando
1064 984 1102 1029 eo
1120 964 1213 1048 quasi
1231 968 1318 1028 certo
1334 965 1416 1029 duce
1428 970 1576 1031 utantur.

359 1058 466 1138 Atque
491 1076 564 1120 cum
587 1055 641 1120 illo
664 1055 769 1119 indice
793 1055 934 1118 maxime
964 1055 1137 1118 verborum
1167 1053 1431 1138 locutionumque
1467 1055 1579 1121 simili-

247 1146 393 1210 tudinem
418 1146 704 1222 demonstrassem,
729 1145 835 1208 facere
859 1163 926 1208 nou
954 1143 1054 1226 potui,
1084 1143 1162 1226 quin
1194 1138 1245 1222 ,de
1275 1144 1401 1209 Aetnae
1432 1145 1579 1210 auctoris

250 1255 324 1300 cum
347 1236 496 1299 Lucretio
513 1234 763 1316 conspiratione·
780 1233 878 1298 latius
894 1234 1109 1310 dissererem,
1123 1236 1160 1296 ut
1182 1233 1258 1312 iam,
1283 1253 1369 1317 quae
1393 1233 1476 1298 mira
1492 1237 1577 1298 esset

249 1323 427 1388 similitudo
451 1323 686 1387 sententiarum
712 1326 1056 1405 argumentorumque,
1080 1341 1214 1404 prorsus
1238 1323 1486 1405 perspiceretur.

359 1413 530 1478 Postremo
570 1414 611 1477 dc
649 1413 774 1476 Aetnae
809 1412 1029 1493 temporibus,
1065 1411 1157 1476 novis
1194 1411 1394 1494 argumentis
1430 1412 1577 1494 repertis

251 1502 389 1566 certiora
413 1502 558 1585 proferre
581 1501 661 1566 mihi
685 1501 782 1566 licuit.

360 1591 429 1655 Hos
456 1591 577 1656 laboris
601 1591 664 1654 mei
689 1591 812 1655 fructus
836 1589 911 1654 viris
936 1590 1039 1655 doctis
1063 1591 1175 1654 offero.
1219 1589 1251 1653 Si
1275 1588 1354 1672 quid
1378 1609 1491 1654 eorum
1516 1589 1578 1654 illis

249 1681 417 1763 placuerit,
442 1681 492 1745 his
516 1685 649 1745 utantur
672 1699 811 1760 mecum,
843 1680 870 1744 si
900 1678 979 1761 quid
1010 1679 1160 1744 noverint
1182 1679 1301 1744 rectius
1328 1678 1408 1758 istis
1443 1677 1579 1743 candide

250 1770 448 1852 impertiant.
