<?xml version="1.0" encoding="UTF-8"?>
<!DOCTYPE html PUBLIC "-//W3C//DTD XHTML 1.0 Transitional//EN"
    "http://www.w3.org/TR/xhtml1/DTD/xhtml1-transitional.dtd">
<html xmlns="http://www.w3.org/1999/xhtml" xml:lang="en" lang="en">
 <head>
  <title>
</title>
<meta http-equiv="Content-Type" content="text/html;charset=utf-8" />
  <meta name='ocr-system' content='tesseract 3.04.00' />
  <meta name='ocr-capabilities' content='ocr_page ocr_carea ocr_par ocr_line ocrx_word'/>
</head>
<body>
  <div class='ocr_page' id='page_1' title='image "./studiainaetnamc00alzigoog_0042.png"; bbox 0 0 3514 5288; ppageno 0'>
   <div class='ocr_carea' id='block_1_1' title="bbox 731 347 947 426">
    <p class='ocr_par' dir='ltr' id='par_1_1' title="bbox 731 347 947 426">
     <span class='ocr_line' id='line_1_1' title="bbox 731 347 947 426; baseline 0.009 -22"><span class='ocrx_word' id='word_1_1' title='bbox 731 347 947 426; x_wconf 57' lang='lat'>2235..</span> 
     </span>
    </p>
   </div>
   <div class='ocr_carea' id='block_1_2' title="bbox 175 535 1504 3210">
    <p class='ocr_par' dir='ltr' id='par_1_2' title="bbox 175 535 1504 980">
     <span class='ocr_line' id='line_1_2' title="bbox 178 535 1504 621; baseline 0.002 -18"><span class='ocrx_word' id='word_1_2' title='bbox 178 535 398 615; x_wconf 87' lang='lat' dir='ltr'>ostenderunt,</span> <span class='ocrx_word' id='word_1_3' title='bbox 423 537 457 602; x_wconf 90' lang='lat' dir='ltr'>in</span> <span class='ocrx_word' id='word_1_4' title='bbox 481 558 565 620; x_wconf 91' lang='lat' dir='ltr'>quae</span> <span class='ocrx_word' id='word_1_5' title='bbox 588 538 660 603; x_wconf 91' lang='lat' dir='ltr'>loca</span> <span class='ocrx_word' id='word_1_6' title='bbox 675 557 786 602; x_wconf 89' lang='lat' dir='ltr'>massa</span> <span class='ocrx_word' id='word_1_7' title='bbox 809 538 863 602; x_wconf 91' lang='lat' dir='ltr'>illa</span> <span class='ocrx_word' id='word_1_8' title='bbox 886 537 990 620; x_wconf 89' lang='lat' dir='ltr'>ignea,</span> <span class='ocrx_word' id='word_1_9' title='bbox 1016 539 1066 604; x_wconf 92' lang='lat' dir='ltr'>cui</span> <span class='ocrx_word' id='word_1_10' title='bbox 1090 543 1204 621; x_wconf 86' lang='lat' dir='ltr'>postea</span> <span class='ocrx_word' id='word_1_11' title='bbox 1228 541 1261 605; x_wconf 90' lang='lat' dir='ltr'>in</span> <span class='ocrx_word' id='word_1_12' title='bbox 1285 545 1401 605; x_wconf 82' lang='lat' dir='ltr'>saxum</span> <span class='ocrx_word' id='word_1_13' title='bbox 1427 545 1504 606; x_wconf 63' lang='lat' dir='ltr'>cona</span> 
     </span>
     <span class='ocr_line' id='line_1_3' title="bbox 176 626 1502 708; baseline 0.002 -16"><span class='ocrx_word' id='word_1_14' title='bbox 176 626 626 708; x_wconf 69' lang='grc' dir='ltr'>0010010,11011011101010111ι</span> <span class='ocrx_word' id='word_1_15' title='bbox 658 646 778 691; x_wconf 92' lang='lat' dir='ltr'>nomen</span> <span class='ocrx_word' id='word_1_16' title='bbox 808 627 947 690; x_wconf 91' lang='lat' dir='ltr'>inditum</span> <span class='ocrx_word' id='word_1_17' title='bbox 972 633 1030 706; x_wconf 88' lang='lat' dir='ltr'>est,</span> <span class='ocrx_word' id='word_1_18' title='bbox 1062 628 1267 693; x_wconf 90' lang='lat' dir='ltr'>decurrisset.</span> <span class='ocrx_word' id='word_1_19' title='bbox 1314 631 1353 694; x_wconf 85' lang='lat' dir='ltr'>cs.</span> <span class='ocrx_word' id='word_1_20' title='bbox 1378 631 1502 695; x_wconf 77' lang='lat' dir='ltr'>Sartor.</span> 
     </span>
     <span class='ocr_line' id='line_1_4' title="bbox 178 715 1502 801; baseline 0.001 -18"><span class='ocrx_word' id='word_1_21' title='bbox 178 720 217 783; x_wconf 92' lang='lat' dir='ltr'>de</span> <span class='ocrx_word' id='word_1_22' title='bbox 242 716 510 782; x_wconf 90' lang='lat' dir='ltr'>Waltershausen</span> <span class='ocrx_word' id='word_1_23' title='bbox 533 717 553 780; x_wconf 96' lang='lat' dir='ltr'>l.</span> <span class='ocrx_word' id='word_1_24' title='bbox 572 736 598 780; x_wconf 91' lang='lat' dir='ltr'>c.</span> <span class='ocrx_word' id='word_1_25' title='bbox 623 715 646 780; x_wconf 94' lang='lat' dir='ltr'>I.</span> <span class='ocrx_word' id='word_1_26' title='bbox 670 736 702 798; x_wconf 91' lang='lat' dir='ltr'>p.</span> <span class='ocrx_word' id='word_1_27' title='bbox 723 718 801 792; x_wconf 81' lang='lat'>197;</span> <span class='ocrx_word' id='word_1_28' title='bbox 819 716 880 781; x_wconf 94' lang='lat' dir='ltr'>Th.</span> <span class='ocrx_word' id='word_1_29' title='bbox 898 717 1010 799; x_wconf 87' lang='lat' dir='ltr'>Bergk.</span> <span class='ocrx_word' id='word_1_30' title='bbox 1028 718 1061 780; x_wconf 93' lang='lat' dir='ltr'>in</span> <span class='ocrx_word' id='word_1_31' title='bbox 1077 716 1244 800; x_wconf 89' lang='lat' dir='ltr'>Philologo</span> <span class='ocrx_word' id='word_1_32' title='bbox 1264 720 1347 783; x_wconf 85' lang='lat'><strong>1873</strong></span> <span class='ocrx_word' id='word_1_33' title='bbox 1364 740 1395 801; x_wconf 90' lang='lat' dir='ltr'>p.</span> <span class='ocrx_word' id='word_1_34' title='bbox 1421 720 1502 796; x_wconf 71' lang='lat'>1383</span> 
     </span>
     <span class='ocr_line' id='line_1_5' title="bbox 175 803 1501 887; baseline 0.002 -16"><span class='ocrx_word' id='word_1_35' title='bbox 175 808 252 872; x_wconf 89' lang='lat' dir='ltr'>Ant.</span> <span class='ocrx_word' id='word_1_36' title='bbox 276 806 429 871; x_wconf 88' lang='lat' dir='ltr'>Summa:</span> <span class='ocrx_word' id='word_1_37' title='bbox 454 804 510 870; x_wconf 91' lang='lat' dir='ltr'>Sul</span> <span class='ocrx_word' id='word_1_38' title='bbox 534 804 630 887; x_wconf 89' lang='lat' dir='ltr'>luogo</span> <span class='ocrx_word' id='word_1_39' title='bbox 653 825 672 869; x_wconf 94' lang='lat' dir='ltr'>e</span> <span class='ocrx_word' id='word_1_40' title='bbox 694 808 805 886; x_wconf 92' lang='lat' dir='ltr'>tempo</span> <span class='ocrx_word' id='word_1_41' title='bbox 830 806 862 870; x_wconf 94' lang='lat' dir='ltr'>in</span> <span class='ocrx_word' id='word_1_42' title='bbox 886 807 936 870; x_wconf 93' lang='lat' dir='ltr'>cui</span> <span class='ocrx_word' id='word_1_43' title='bbox 961 826 1109 870; x_wconf 88' lang='lat' dir='ltr'>avvenne</span> <span class='ocrx_word' id='word_1_44' title='bbox 1132 803 1310 872; x_wconf 88' lang='lat' dir='ltr'>l’eruzione</span> <span class='ocrx_word' id='word_1_45' title='bbox 1334 808 1501 874; x_wconf 86' lang='lat' dir='ltr'>dell&#39;Etna</span> 
     </span>
     <span class='ocr_line' id='line_1_6' title="bbox 177 893 1274 980; baseline 0 -18"><span class='ocrx_word' id='word_1_46' title='bbox 177 895 340 980; x_wconf 89' lang='lat' dir='ltr'>appellata</span> <span class='ocrx_word' id='word_1_47' title='bbox 363 895 413 959; x_wconf 91' lang='lat' dir='ltr'>dei</span> <span class='ocrx_word' id='word_1_48' title='bbox 437 893 553 958; x_wconf 86' lang='lat' dir='ltr'>fratelli</span> <span class='ocrx_word' id='word_1_49' title='bbox 575 895 629 977; x_wconf 89' lang='lat' dir='ltr'>pii.</span> <span class='ocrx_word' id='word_1_50' title='bbox 676 895 745 958; x_wconf 89' lang='lat' dir='ltr'>Atti</span> <span class='ocrx_word' id='word_1_51' title='bbox 768 894 887 960; x_wconf 90' lang='lat' dir='ltr'>Accad.</span> <span class='ocrx_word' id='word_1_52' title='bbox 913 894 1046 960; x_wconf 73' lang='lat' dir='ltr'>Giodnia</span> <span class='ocrx_word' id='word_1_53' title='bbox 1070 895 1140 960; x_wconf 89' lang='lat' dir='ltr'>XX.</span> <span class='ocrx_word' id='word_1_54' title='bbox 1164 917 1195 978; x_wconf 89' lang='lat' dir='ltr'>p.</span> <span class='ocrx_word' id='word_1_55' title='bbox 1221 896 1274 962; x_wconf 80' lang='lat'>59.</span> 
     </span>
    </p>

    <p class='ocr_par' dir='ltr' id='par_1_3' title="bbox 177 983 1504 1516">
     <span class='ocr_line' id='line_1_7' title="bbox 288 983 1503 1065; baseline 0.002 -16"><span class='ocrx_word' id='word_1_56' title='bbox 288 984 383 1063; x_wconf 88' lang='lat' dir='ltr'>Quod</span> <span class='ocrx_word' id='word_1_57' title='bbox 405 984 578 1065; x_wconf 90' lang='lat' dir='ltr'>Waglerus</span> <span class='ocrx_word' id='word_1_58' title='bbox 594 983 683 1047; x_wconf 80' lang='lat' dir='ltr'>&#39;dicit</span> <span class='ocrx_word' id='word_1_59' title='bbox 712 984 973 1050; x_wconf 67' lang='lat' dir='ltr'>emendationem</span> <span class='ocrx_word' id='word_1_60' title='bbox 1005 984 1130 1049; x_wconf 91' lang='lat' dir='ltr'>Heinsii</span> <span class='ocrx_word' id='word_1_61' title='bbox 1162 984 1334 1064; x_wconf 84' lang='lat' dir='ltr'>‚domibus‘</span> <span class='ocrx_word' id='word_1_62' title='bbox 1365 986 1503 1051; x_wconf 91' lang='lat' dir='ltr'>reicien-</span> 
     </span>
     <span class='ocr_line' id='line_1_8' title="bbox 179 1069 1504 1156; baseline 0.001 -17"><span class='ocrx_word' id='word_1_63' title='bbox 179 1076 254 1141; x_wconf 89' lang='lat' dir='ltr'>dam</span> <span class='ocrx_word' id='word_1_64' title='bbox 280 1093 361 1153; x_wconf 90' lang='lat' dir='ltr'>esse,</span> <span class='ocrx_word' id='word_1_65' title='bbox 386 1073 463 1156; x_wconf 89' lang='lat' dir='ltr'>quia</span> <span class='ocrx_word' id='word_1_66' title='bbox 487 1074 643 1138; x_wconf 88' lang='lat' dir='ltr'>domuum</span> <span class='ocrx_word' id='word_1_67' title='bbox 668 1074 729 1138; x_wconf 92' lang='lat' dir='ltr'>hoc</span> <span class='ocrx_word' id='word_1_68' title='bbox 752 1074 822 1138; x_wconf 87' lang='lat' dir='ltr'>loco</span> <span class='ocrx_word' id='word_1_69' title='bbox 838 1074 984 1138; x_wconf 90' lang='lat' dir='ltr'>nondum</span> <span class='ocrx_word' id='word_1_70' title='bbox 1004 1075 1204 1139; x_wconf 91' lang='lat' dir='ltr'>mentionem</span> <span class='ocrx_word' id='word_1_71' title='bbox 1225 1076 1294 1140; x_wconf 88' lang='lat' dir='ltr'>tieri</span> <span class='ocrx_word' id='word_1_72' title='bbox 1317 1075 1420 1154; x_wconf 90' lang='lat' dir='ltr'>liceat,</span> <span class='ocrx_word' id='word_1_73' title='bbox 1446 1069 1504 1140; x_wconf 87' lang='lat' dir='ltr'>sed</span> 
     </span>
     <span class='ocr_line' id='line_1_9' title="bbox 178 1162 1501 1248; baseline 0.001 -20"><span class='ocrx_word' id='word_1_74' title='bbox 178 1165 311 1230; x_wconf 92' lang='lat' dir='ltr'>demum</span> <span class='ocrx_word' id='word_1_75' title='bbox 335 1163 410 1227; x_wconf 92' lang='lat' dir='ltr'>inde</span> <span class='ocrx_word' id='word_1_76' title='bbox 435 1183 454 1227; x_wconf 91' lang='lat' dir='ltr'>a</span> <span class='ocrx_word' id='word_1_77' title='bbox 477 1182 574 1227; x_wconf 85' lang='lat' dir='ltr'>versu</span> <span class='ocrx_word' id='word_1_78' title='bbox 598 1162 673 1240; x_wconf 90' lang='grc'>614,</span> <span class='ocrx_word' id='word_1_79' title='bbox 698 1164 939 1245; x_wconf 90' lang='lat' dir='ltr'>opponendum,</span> <span class='ocrx_word' id='word_1_80' title='bbox 963 1163 1028 1244; x_wconf 83' lang='lat' dir='ltr'>igni</span> <span class='ocrx_word' id='word_1_81' title='bbox 1050 1164 1198 1229; x_wconf 91' lang='lat' dir='ltr'>Aetnaeo</span> <span class='ocrx_word' id='word_1_82' title='bbox 1212 1164 1287 1230; x_wconf 85' lang='lat' dir='ltr'>iam</span> <span class='ocrx_word' id='word_1_83' title='bbox 1310 1166 1501 1248; x_wconf 86' lang='lat' dir='ltr'>priusquam</span> 
     </span>
     <span class='ocr_line' id='line_1_10' title="bbox 178 1252 1503 1337; baseline -0.002 -16"><span class='ocrx_word' id='word_1_84' title='bbox 178 1256 219 1321; x_wconf 89' lang='lat' dir='ltr'>ad</span> <span class='ocrx_word' id='word_1_85' title='bbox 243 1255 360 1319; x_wconf 90' lang='lat' dir='ltr'>urbem</span> <span class='ocrx_word' id='word_1_86' title='bbox 384 1253 580 1328; x_wconf 79' lang='lat' dir='ltr'>accessisset,</span> <span class='ocrx_word' id='word_1_87' title='bbox 606 1253 721 1318; x_wconf 92' lang='lat' dir='ltr'>domos</span> <span class='ocrx_word' id='word_1_88' title='bbox 745 1252 961 1335; x_wconf 83' lang='lat' dir='ltr'>agricolarum</span> <span class='ocrx_word' id='word_1_89' title='bbox 985 1256 1083 1335; x_wconf 91' lang='lat' dir='ltr'>atque</span> <span class='ocrx_word' id='word_1_90' title='bbox 1103 1253 1378 1320; x_wconf 78' lang='lat' dir='ltr'>vindemiatorum</span> <span class='ocrx_word' id='word_1_91' title='bbox 1402 1275 1503 1337; x_wconf 90' lang='lat' dir='ltr'>supra</span> 
     </span>
     <span class='ocr_line' id='line_1_11' title="bbox 177 1341 1501 1424; baseline 0.001 -16"><span class='ocrx_word' id='word_1_92' title='bbox 177 1344 293 1408; x_wconf 90' lang='lat' dir='ltr'>urbem</span> <span class='ocrx_word' id='word_1_93' title='bbox 317 1343 350 1406; x_wconf 92' lang='lat' dir='ltr'>in</span> <span class='ocrx_word' id='word_1_94' title='bbox 374 1341 450 1424; x_wconf 89' lang='lat' dir='ltr'>ipsis</span> <span class='ocrx_word' id='word_1_95' title='bbox 474 1341 595 1408; x_wconf 88' lang='lat' dir='ltr'>montis</span> <span class='ocrx_word' id='word_1_96' title='bbox 618 1342 774 1406; x_wconf 88' lang='lat' dir='ltr'>lateribus</span> <span class='ocrx_word' id='word_1_97' title='bbox 799 1343 877 1406; x_wconf 88' lang='lat' dir='ltr'>sitas</span> <span class='ocrx_word' id='word_1_98' title='bbox 901 1344 1047 1406; x_wconf 88' lang='lat' dir='ltr'>vastatas</span> <span class='ocrx_word' id='word_1_99' title='bbox 1071 1362 1154 1406; x_wconf 90' lang='lat' dir='ltr'>esse.</span> <span class='ocrx_word' id='word_1_100' title='bbox 1201 1344 1239 1408; x_wconf 86' lang='lat' dir='ltr'>cf.</span> <span class='ocrx_word' id='word_1_101' title='bbox 1265 1343 1435 1410; x_wconf 85' lang='lat' dir='ltr'>Claudian.</span> <span class='ocrx_word' id='word_1_102' title='bbox 1459 1346 1501 1409; x_wconf 89' lang='lat'>50</span> 
     </span>
     <span class='ocr_line' id='line_1_12' title="bbox 180 1429 1503 1516; baseline 0.001 -19"><span class='ocrx_word' id='word_1_103' title='bbox 180 1429 239 1512; x_wconf 84' lang='lat' dir='ltr'>(De</span> <span class='ocrx_word' id='word_1_104' title='bbox 261 1432 324 1516; x_wconf 90' lang='lat' dir='ltr'>piis</span> <span class='ocrx_word' id='word_1_105' title='bbox 347 1431 500 1496; x_wconf 86' lang='lat' dir='ltr'>fratribus</span> <span class='ocrx_word' id='word_1_106' title='bbox 524 1435 556 1495; x_wconf 88' lang='lat' dir='ltr'>et</span> <span class='ocrx_word' id='word_1_107' title='bbox 587 1431 704 1496; x_wconf 86' lang='lat' dir='ltr'>statuis</span> <span class='ocrx_word' id='word_1_108' title='bbox 735 1450 857 1507; x_wconf 90' lang='lat' dir='ltr'>eorum,</span> <span class='ocrx_word' id='word_1_109' title='bbox 889 1450 974 1513; x_wconf 89' lang='lat' dir='ltr'>quae</span> <span class='ocrx_word' id='word_1_110' title='bbox 998 1435 1074 1496; x_wconf 89' lang='lat' dir='ltr'>sunt</span> <span class='ocrx_word' id='word_1_111' title='bbox 1096 1433 1184 1514; x_wconf 90' lang='lat' dir='ltr'>apud</span> <span class='ocrx_word' id='word_1_112' title='bbox 1200 1431 1364 1514; x_wconf 86' lang='lat' dir='ltr'>Catinam)</span> <span class='ocrx_word' id='word_1_113' title='bbox 1387 1455 1417 1498; x_wconf 86' lang='lat' dir='ltr'>v.</span> <span class='ocrx_word' id='word_1_114' title='bbox 1442 1435 1503 1498; x_wconf 80' lang='lat'>46:</span> 
     </span>
    </p>

    <p class='ocr_par' dir='ltr' id='par_1_4' title="bbox 290 1515 1324 1602">
     <span class='ocr_line' id='line_1_13' title="bbox 290 1515 1324 1602; baseline 0.003 -17"><span class='ocrx_word' id='word_1_115' title='bbox 290 1521 357 1585; x_wconf 89' lang='lat' dir='ltr'>Nec</span> <span class='ocrx_word' id='word_1_116' title='bbox 380 1524 489 1602; x_wconf 89' lang='lat' dir='ltr'>gemat</span> <span class='ocrx_word' id='word_1_117' title='bbox 513 1515 707 1600; x_wconf 73' lang='lat' dir='ltr'>(Trinacria)</span> <span class='ocrx_word' id='word_1_118' title='bbox 732 1523 903 1584; x_wconf 85' lang='lat' dir='ltr'>exustas</span> <span class='ocrx_word' id='word_1_119' title='bbox 926 1521 999 1602; x_wconf 91' lang='lat' dir='ltr'>igne</span> <span class='ocrx_word' id='word_1_120' title='bbox 1022 1520 1149 1586; x_wconf 89' lang='lat' dir='ltr'>furente</span> <span class='ocrx_word' id='word_1_121' title='bbox 1174 1522 1324 1588; x_wconf 90' lang='lat' dir='ltr'>domos.</span> 
     </span>
    </p>

    <p class='ocr_par' dir='ltr' id='par_1_5' title="bbox 287 1609 996 1691">
     <span class='ocr_line' id='line_1_14' title="bbox 287 1609 996 1691; baseline -0.003 -16"><span class='ocrx_word' id='word_1_122' title='bbox 287 1609 433 1675; x_wconf 86' lang='lat' dir='ltr'>XXXIV.</span> <span class='ocrx_word' id='word_1_123' title='bbox 468 1630 497 1674; x_wconf 89' lang='lat' dir='ltr'>v.</span> <span class='ocrx_word' id='word_1_124' title='bbox 523 1609 586 1673; x_wconf 77' lang='grc'>606</span> <span class='ocrx_word' id='word_1_125' title='bbox 610 1609 828 1674; x_wconf 90' lang='lat' dir='ltr'>Baehrensius</span> <span class='ocrx_word' id='word_1_126' title='bbox 850 1609 996 1691; x_wconf 87' lang='lat' dir='ltr'>scripsit:</span> 
     </span>
    </p>

    <p class='ocr_par' dir='ltr' id='par_1_6' title="bbox 178 1698 1503 2042">
     <span class='ocr_line' id='line_1_15' title="bbox 289 1698 1503 1783; baseline 0.002 -20"><span class='ocrx_word' id='word_1_127' title='bbox 289 1700 464 1781; x_wconf 84' lang='lat' dir='ltr'>,fraterque</span> <span class='ocrx_word' id='word_1_128' title='bbox 499 1698 610 1762; x_wconf 88' lang='lat' dir='ltr'>cluens</span> <span class='ocrx_word' id='word_1_129' title='bbox 645 1699 687 1763; x_wconf 89' lang='lat' dir='ltr'>ab</span> <span class='ocrx_word' id='word_1_130' title='bbox 722 1698 853 1763; x_wconf 90' lang='lat' dir='ltr'>nomine</span> <span class='ocrx_word' id='word_1_131' title='bbox 888 1698 996 1763; x_wconf 80' lang='lat' dir='ltr'>fontis‘</span> <span class='ocrx_word' id='word_1_132' title='bbox 1029 1699 1193 1781; x_wconf 87' lang='lat' dir='ltr'>profectus</span> <span class='ocrx_word' id='word_1_133' title='bbox 1229 1701 1270 1765; x_wconf 91' lang='lat' dir='ltr'>ab</span> <span class='ocrx_word' id='word_1_134' title='bbox 1305 1701 1376 1780; x_wconf 87' lang='lat' dir='ltr'>illis,</span> <span class='ocrx_word' id='word_1_135' title='bbox 1417 1721 1503 1783; x_wconf 89' lang='lat' dir='ltr'>quae</span> 
     </span>
     <span class='ocr_line' id='line_1_16' title="bbox 178 1784 1502 1871; baseline 0.001 -18"><span class='ocrx_word' id='word_1_136' title='bbox 178 1789 420 1854; x_wconf 89' lang='lat' dir='ltr'>Wernsdorfius</span> <span class='ocrx_word' id='word_1_137' title='bbox 450 1784 554 1868; x_wconf 75' lang='lat' dir='ltr'>(Poet.</span> <span class='ocrx_word' id='word_1_138' title='bbox 586 1789 655 1852; x_wconf 90' lang='lat' dir='ltr'>Lat.</span> <span class='ocrx_word' id='word_1_139' title='bbox 687 1788 765 1852; x_wconf 93' lang='lat' dir='ltr'>min.</span> <span class='ocrx_word' id='word_1_140' title='bbox 797 1788 839 1851; x_wconf 93' lang='lat' dir='ltr'>IV</span> <span class='ocrx_word' id='word_1_141' title='bbox 867 1808 899 1871; x_wconf 94' lang='lat' dir='ltr'>p.</span> <span class='ocrx_word' id='word_1_142' title='bbox 925 1784 1002 1867; x_wconf 84' lang='grc'>374)</span> <span class='ocrx_word' id='word_1_143' title='bbox 1033 1789 1186 1870; x_wconf 89' lang='lat' dir='ltr'>protulit:</span> <span class='ocrx_word' id='word_1_144' title='bbox 1225 1789 1363 1866; x_wconf 86' lang='lat' dir='ltr'>‚videtur</span> <span class='ocrx_word' id='word_1_145' title='bbox 1386 1789 1448 1854; x_wconf 91' lang='lat' dir='ltr'>hoc</span> <span class='ocrx_word' id='word_1_146' title='bbox 1473 1791 1502 1854; x_wconf 94' lang='lat' dir='ltr'>ei</span> 
     </span>
     <span class='ocr_line' id='line_1_17' title="bbox 178 1873 1500 1963; baseline -0.001 -19"><span class='ocrx_word' id='word_1_147' title='bbox 178 1874 233 1963; x_wconf 81' lang='lat' dir='ltr'>(sc.</span> <span class='ocrx_word' id='word_1_148' title='bbox 258 1873 378 1960; x_wconf 83' lang='lat' dir='ltr'>Anapi)</span> <span class='ocrx_word' id='word_1_149' title='bbox 403 1896 523 1940; x_wconf 92' lang='lat' dir='ltr'>nomen</span> <span class='ocrx_word' id='word_1_150' title='bbox 548 1896 720 1941; x_wconf 93' lang='lat' dir='ltr'>commune</span> <span class='ocrx_word' id='word_1_151' title='bbox 744 1877 842 1941; x_wconf 86' lang='lat' dir='ltr'>fuisse</span> <span class='ocrx_word' id='word_1_152' title='bbox 866 1897 940 1941; x_wconf 95' lang='lat' dir='ltr'>cum</span> <span class='ocrx_word' id='word_1_153' title='bbox 963 1877 1063 1941; x_wconf 80' lang='lat' dir='ltr'>fluvio</span> <span class='ocrx_word' id='word_1_154' title='bbox 1086 1877 1223 1955; x_wconf 81' lang='lat' dir='ltr'>Siciliae,</span> <span class='ocrx_word' id='word_1_155' title='bbox 1256 1879 1380 1961; x_wconf 89' lang='lat' dir='ltr'>Anapis</span> <span class='ocrx_word' id='word_1_156' title='bbox 1403 1879 1500 1957; x_wconf 83' lang='lat' dir='ltr'>uicto,</span> 
     </span>
     <span class='ocr_line' id='line_1_18' title="bbox 180 1965 1190 2042; baseline -0.002 -9"><span class='ocrx_word' id='word_1_157' title='bbox 180 1968 269 2033; x_wconf 91' lang='lat' dir='ltr'>cuius</span> <span class='ocrx_word' id='word_1_158' title='bbox 292 1967 441 2031; x_wconf 85' lang='lat' dir='ltr'>meminit</span> <span class='ocrx_word' id='word_1_159' title='bbox 465 1965 524 2031; x_wconf 83' lang='lat' dir='ltr'>Or.</span> <span class='ocrx_word' id='word_1_160' title='bbox 548 1970 624 2030; x_wconf 91' lang='lat' dir='ltr'>met.</span> <span class='ocrx_word' id='word_1_161' title='bbox 650 1965 686 2031; x_wconf 90' lang='lat' dir='ltr'>V.</span> <span class='ocrx_word' id='word_1_162' title='bbox 712 1967 787 2042; x_wconf 86' lang='grc'>417,</span> <span class='ocrx_word' id='word_1_163' title='bbox 812 1970 845 2030; x_wconf 85' lang='grc'>01</span> <span class='ocrx_word' id='word_1_164' title='bbox 867 1967 961 2030; x_wconf 89' lang='lat' dir='ltr'>Pont.</span> <span class='ocrx_word' id='word_1_165' title='bbox 986 1967 1022 2042; x_wconf 92' lang='lat' dir='ltr'>Il,</span> <span class='ocrx_word' id='word_1_166' title='bbox 1050 1967 1100 2042; x_wconf 91' lang='grc'>10,</span> <span class='ocrx_word' id='word_1_167' title='bbox 1125 1967 1190 2031; x_wconf 72' lang='grc'>00.</span> 
     </span>
    </p>

    <p class='ocr_par' dir='ltr' id='par_1_7' title="bbox 180 2054 1504 2228">
     <span class='ocr_line' id='line_1_19' title="bbox 288 2054 1504 2138; baseline 0.001 -17"><span class='ocrx_word' id='word_1_168' title='bbox 288 2057 332 2121; x_wconf 89' lang='grc' dir='ltr'>Α1</span> <span class='ocrx_word' id='word_1_169' title='bbox 354 2055 472 2134; x_wconf 84' lang='grc'>1101010,</span> <span class='ocrx_word' id='word_1_170' title='bbox 500 2075 565 2138; x_wconf 91' lang='lat' dir='ltr'>quo</span> <span class='ocrx_word' id='word_1_171' title='bbox 589 2057 658 2120; x_wconf 91' lang='lat' dir='ltr'>iure</span> <span class='ocrx_word' id='word_1_172' title='bbox 692 2054 800 2138; x_wconf 83' lang='lat' dir='ltr'>posuit</span> <span class='ocrx_word' id='word_1_173' title='bbox 836 2055 956 2138; x_wconf 85' lang='lat' dir='ltr'>,cluens</span> <span class='ocrx_word' id='word_1_174' title='bbox 991 2056 1033 2120; x_wconf 90' lang='lat' dir='ltr'>ab</span> <span class='ocrx_word' id='word_1_175' title='bbox 1071 2057 1203 2120; x_wconf 94' lang='lat' dir='ltr'>nomine</span> <span class='ocrx_word' id='word_1_176' title='bbox 1239 2055 1395 2136; x_wconf 86' lang='lat' dir='ltr'>lontis‘,</span> <span class='ocrx_word' id='word_1_177' title='bbox 1429 2077 1504 2122; x_wconf 87' lang='lat' dir='ltr'>cum</span> 
     </span>
     <span class='ocr_line' id='line_1_20' title="bbox 180 2145 758 2228; baseline -0.002 -19"><span class='ocrx_word' id='word_1_178' title='bbox 180 2145 302 2228; x_wconf 89' lang='lat' dir='ltr'>Anapis</span> <span class='ocrx_word' id='word_1_179' title='bbox 324 2145 477 2210; x_wconf 77' lang='lat' dir='ltr'>fluvius</span> <span class='ocrx_word' id='word_1_180' title='bbox 501 2145 628 2210; x_wconf 87' lang='lat' dir='ltr'>Siciliae</span> <span class='ocrx_word' id='word_1_181' title='bbox 652 2149 758 2209; x_wconf 83' lang='lat' dir='ltr'>esset?</span> 
     </span>
    </p>

    <p class='ocr_par' dir='ltr' id='par_1_8' title="bbox 178 2232 1503 2479">
     <span class='ocr_line' id='line_1_21' title="bbox 288 2232 1503 2317; baseline 0 -17"><span class='ocrx_word' id='word_1_182' title='bbox 288 2236 364 2300; x_wconf 89' lang='lat' dir='ltr'>Mss.</span> <span class='ocrx_word' id='word_1_183' title='bbox 388 2235 546 2317; x_wconf 82' lang='lat' dir='ltr'>praebent</span> <span class='ocrx_word' id='word_1_184' title='bbox 569 2253 683 2298; x_wconf 88' lang='lat' dir='ltr'>omnes</span> <span class='ocrx_word' id='word_1_185' title='bbox 700 2233 874 2316; x_wconf 80' lang='lat' dir='ltr'>,fraterque</span> <span class='ocrx_word' id='word_1_186' title='bbox 897 2232 968 2314; x_wconf 92' lang='lat' dir='ltr'>pari</span> <span class='ocrx_word' id='word_1_187' title='bbox 992 2235 1052 2298; x_wconf 92' lang='lat' dir='ltr'>sub</span> <span class='ocrx_word' id='word_1_188' title='bbox 1070 2232 1225 2312; x_wconf 87' lang='lat' dir='ltr'>munere‘,</span> <span class='ocrx_word' id='word_1_189' title='bbox 1250 2232 1367 2299; x_wconf 89' lang='lat' dir='ltr'>deinde</span> <span class='ocrx_word' id='word_1_190' title='bbox 1383 2234 1503 2301; x_wconf 84' lang='lat' dir='ltr'>Canta-</span> 
     </span>
     <span class='ocr_line' id='line_1_22' title="bbox 178 2323 1503 2406; baseline 0 -17"><span class='ocrx_word' id='word_1_191' title='bbox 178 2324 347 2406; x_wconf 88' lang='lat' dir='ltr'>brigiensis</span> <span class='ocrx_word' id='word_1_192' title='bbox 382 2327 414 2388; x_wconf 90' lang='lat' dir='ltr'>et</span> <span class='ocrx_word' id='word_1_193' title='bbox 436 2323 707 2389; x_wconf 91' lang='lat' dir='ltr'>Helmstadiensis</span> <span class='ocrx_word' id='word_1_194' title='bbox 743 2323 871 2402; x_wconf 85' lang='lat' dir='ltr'>,iontis‘,</span> <span class='ocrx_word' id='word_1_195' title='bbox 907 2342 981 2386; x_wconf 92' lang='lat' dir='ltr'>cum</span> <span class='ocrx_word' id='word_1_196' title='bbox 1017 2324 1115 2388; x_wconf 87' lang='lat' dir='ltr'>ceteri</span> <span class='ocrx_word' id='word_1_197' title='bbox 1151 2323 1263 2403; x_wconf 73' lang='grc' dir='ltr'>,101110ι</span> <span class='ocrx_word' id='word_1_198' title='bbox 1298 2324 1350 2389; x_wconf 88' lang='lat' dir='ltr'>vel</span> <span class='ocrx_word' id='word_1_199' title='bbox 1387 2323 1503 2401; x_wconf 86' lang='lat' dir='ltr'>‚sortis‘</span> 
     </span>
     <span class='ocr_line' id='line_1_23' title="bbox 180 2415 363 2479; baseline 0 -1"><span class='ocrx_word' id='word_1_200' title='bbox 180 2415 363 2479; x_wconf 81' lang='lat' dir='ltr'>exhibeant.</span> 
     </span>
    </p>

    <p class='ocr_par' dir='ltr' id='par_1_9' title="bbox 290 2501 1326 2584">
     <span class='ocr_line' id='line_1_24' title="bbox 290 2501 1326 2584; baseline 0.001 -17"><span class='ocrx_word' id='word_1_201' title='bbox 290 2501 414 2583; x_wconf 83' lang='lat' dir='ltr'>,Fortis‘</span> <span class='ocrx_word' id='word_1_202' title='bbox 440 2502 628 2584; x_wconf 89' lang='lat' dir='ltr'>ponendum</span> <span class='ocrx_word' id='word_1_203' title='bbox 652 2521 723 2566; x_wconf 89' lang='lat' dir='ltr'>esse</span> <span class='ocrx_word' id='word_1_204' title='bbox 746 2501 873 2566; x_wconf 89' lang='lat' dir='ltr'>videtur</span> <span class='ocrx_word' id='word_1_205' title='bbox 897 2502 968 2566; x_wconf 87' lang='lat' dir='ltr'>coll.</span> <span class='ocrx_word' id='word_1_206' title='bbox 993 2501 1161 2568; x_wconf 86' lang='lat' dir='ltr'>Claudian.</span> <span class='ocrx_word' id='word_1_207' title='bbox 1188 2504 1240 2581; x_wconf 87' lang='lat'>50,</span> <span class='ocrx_word' id='word_1_208' title='bbox 1266 2503 1326 2568; x_wconf 79' lang='lat'>41:</span> 
     </span>
    </p>

    <p class='ocr_par' dir='ltr' id='par_1_10' title="bbox 291 2591 1254 2674">
     <span class='ocr_line' id='line_1_25' title="bbox 291 2591 1254 2674; baseline 0 -18"><span class='ocrx_word' id='word_1_209' title='bbox 291 2592 356 2656; x_wconf 84' lang='lat' dir='ltr'>Cur</span> <span class='ocrx_word' id='word_1_210' title='bbox 379 2612 445 2656; x_wconf 93' lang='lat' dir='ltr'>non</span> <span class='ocrx_word' id='word_1_211' title='bbox 467 2591 699 2673; x_wconf 90' lang='lat' dir='ltr'>Amphinomo,</span> <span class='ocrx_word' id='word_1_212' title='bbox 724 2610 781 2656; x_wconf 88' lang='lat' dir='ltr'>cur</span> <span class='ocrx_word' id='word_1_213' title='bbox 805 2611 871 2655; x_wconf 92' lang='lat' dir='ltr'>non</span> <span class='ocrx_word' id='word_1_214' title='bbox 894 2592 963 2668; x_wconf 89' lang='lat' dir='ltr'>tihi,</span> <span class='ocrx_word' id='word_1_215' title='bbox 988 2591 1113 2656; x_wconf 85' lang='lat' dir='ltr'>fortis</span> <span class='ocrx_word' id='word_1_216' title='bbox 1137 2592 1254 2674; x_wconf 89' lang='lat' dir='ltr'>Anapi,</span> 
     </span>
    </p>

    <p class='ocr_par' dir='ltr' id='par_1_11' title="bbox 292 2679 1060 2763">
     <span class='ocr_line' id='line_1_26' title="bbox 292 2679 1060 2763; baseline -0.001 -17"><span class='ocrx_word' id='word_1_217' title='bbox 292 2683 470 2747; x_wconf 88' lang='lat' dir='ltr'>Aeternum</span> <span class='ocrx_word' id='word_1_218' title='bbox 495 2681 621 2745; x_wconf 90' lang='lat' dir='ltr'>Siculus</span> <span class='ocrx_word' id='word_1_219' title='bbox 644 2681 767 2763; x_wconf 86' lang='lat' dir='ltr'>templa</span> <span class='ocrx_word' id='word_1_220' title='bbox 791 2679 911 2745; x_wconf 90' lang='lat' dir='ltr'>dicavit</span> <span class='ocrx_word' id='word_1_221' title='bbox 934 2680 1060 2745; x_wconf 80' lang='lat' dir='ltr'>honos?</span> 
     </span>
    </p>

    <p class='ocr_par' dir='ltr' id='par_1_12' title="bbox 179 2768 1504 3029">
     <span class='ocr_line' id='line_1_27' title="bbox 290 2768 1504 2852; baseline 0.001 -18"><span class='ocrx_word' id='word_1_222' title='bbox 290 2771 376 2849; x_wconf 88' lang='lat' dir='ltr'>,Pari</span> <span class='ocrx_word' id='word_1_223' title='bbox 399 2772 460 2835; x_wconf 89' lang='lat' dir='ltr'>sub</span> <span class='ocrx_word' id='word_1_224' title='bbox 484 2768 628 2834; x_wconf 91' lang='lat' dir='ltr'>munere‘</span> <span class='ocrx_word' id='word_1_225' title='bbox 653 2773 785 2852; x_wconf 68' lang='lat' dir='ltr'>pottam</span> <span class='ocrx_word' id='word_1_226' title='bbox 808 2768 974 2851; x_wconf 89' lang='lat' dir='ltr'>scripsisse</span> <span class='ocrx_word' id='word_1_227' title='bbox 998 2770 1078 2835; x_wconf 91' lang='lat' dir='ltr'>mihi</span> <span class='ocrx_word' id='word_1_228' title='bbox 1101 2788 1296 2851; x_wconf 88' lang='lat' dir='ltr'>persuasum</span> <span class='ocrx_word' id='word_1_229' title='bbox 1320 2774 1386 2846; x_wconf 88' lang='lat' dir='ltr'>est;</span> <span class='ocrx_word' id='word_1_230' title='bbox 1419 2791 1504 2848; x_wconf 91' lang='lat' dir='ltr'>,mu-</span> 
     </span>
     <span class='ocr_line' id='line_1_28' title="bbox 179 2858 1500 2942; baseline 0 -18"><span class='ocrx_word' id='word_1_231' title='bbox 179 2858 250 2924; x_wconf 71' lang='grc' dir='ltr'>1100ι</span> <span class='ocrx_word' id='word_1_232' title='bbox 274 2861 361 2924; x_wconf 91' lang='lat' dir='ltr'>enim</span> <span class='ocrx_word' id='word_1_233' title='bbox 384 2859 471 2924; x_wconf 89' lang='lat' dir='ltr'>idem</span> <span class='ocrx_word' id='word_1_234' title='bbox 494 2859 654 2942; x_wconf 84' lang='lat' dir='ltr'>significat</span> <span class='ocrx_word' id='word_1_235' title='bbox 677 2879 714 2924; x_wconf 91' lang='lat' dir='ltr'>ac</span> <span class='ocrx_word' id='word_1_236' title='bbox 738 2863 850 2924; x_wconf 90' lang='lat' dir='ltr'>nostro</span> <span class='ocrx_word' id='word_1_237' title='bbox 874 2878 1024 2924; x_wconf 87' lang='lat' dir='ltr'>sermone</span> <span class='ocrx_word' id='word_1_238' title='bbox 1050 2858 1302 2938; x_wconf 85' lang='lat' dir='ltr'>,Liebesdienst‘.</span> <span class='ocrx_word' id='word_1_239' title='bbox 1350 2860 1389 2925; x_wconf 89' lang='lat' dir='ltr'>cf.</span> <span class='ocrx_word' id='word_1_240' title='bbox 1408 2860 1500 2942; x_wconf 89' lang='lat' dir='ltr'>Verg.</span> 
     </span>
     <span class='ocr_line' id='line_1_29' title="bbox 180 2948 703 3029; baseline -0.004 -15"><span class='ocrx_word' id='word_1_241' title='bbox 180 2950 239 3014; x_wconf 87' lang='lat' dir='ltr'>ecl.</span> <span class='ocrx_word' id='word_1_242' title='bbox 262 2949 341 3029; x_wconf 88' lang='lat' dir='ltr'>Vlll,</span> <span class='ocrx_word' id='word_1_243' title='bbox 366 2951 419 3028; x_wconf 89' lang='grc'>60,</span> <span class='ocrx_word' id='word_1_244' title='bbox 444 2951 526 3013; x_wconf 91' lang='lat' dir='ltr'>Aen.</span> <span class='ocrx_word' id='word_1_245' title='bbox 550 2948 601 3026; x_wconf 91' lang='lat' dir='ltr'>lV,</span> <span class='ocrx_word' id='word_1_246' title='bbox 626 2948 703 3014; x_wconf 76' lang='grc'>400.</span> 
     </span>
    </p>

    <p class='ocr_par' dir='ltr' id='par_1_13' title="bbox 291 3038 930 3120">
     <span class='ocr_line' id='line_1_30' title="bbox 291 3038 930 3120; baseline 0.002 -20"><span class='ocrx_word' id='word_1_247' title='bbox 291 3039 410 3103; x_wconf 90' lang='lat' dir='ltr'>Versus</span> <span class='ocrx_word' id='word_1_248' title='bbox 433 3038 529 3120; x_wconf 91' lang='lat' dir='ltr'>igitur</span> <span class='ocrx_word' id='word_1_249' title='bbox 552 3038 598 3102; x_wconf 90' lang='lat' dir='ltr'>ita</span> <span class='ocrx_word' id='word_1_250' title='bbox 621 3038 840 3102; x_wconf 89' lang='lat' dir='ltr'>restituendus</span> <span class='ocrx_word' id='word_1_251' title='bbox 865 3041 930 3101; x_wconf 88' lang='lat' dir='ltr'>est:</span> 
     </span>
    </p>

    <p class='ocr_par' dir='ltr' id='par_1_14' title="bbox 289 3126 1247 3210">
     <span class='ocr_line' id='line_1_31' title="bbox 289 3126 1247 3210; baseline 0.001 -19"><span class='ocrx_word' id='word_1_252' title='bbox 289 3128 531 3210; x_wconf 89' lang='lat' dir='ltr'>Amphinomus</span> <span class='ocrx_word' id='word_1_253' title='bbox 554 3127 719 3208; x_wconf 87' lang='lat' dir='ltr'>fraterque</span> <span class='ocrx_word' id='word_1_254' title='bbox 741 3126 813 3209; x_wconf 89' lang='lat' dir='ltr'>pari</span> <span class='ocrx_word' id='word_1_255' title='bbox 837 3127 897 3190; x_wconf 91' lang='lat' dir='ltr'>sub</span> <span class='ocrx_word' id='word_1_256' title='bbox 920 3145 1089 3190; x_wconf 89' lang='lat' dir='ltr'>munere</span> <span class='ocrx_word' id='word_1_257' title='bbox 1113 3126 1247 3192; x_wconf 83' lang='lat' dir='ltr'>fortis.</span> 
     </span>
    </p>
   </div>
   <div class='ocr_carea' id='block_1_3' title="bbox 234 3465 1450 3566">
    <p class='ocr_par' dir='ltr' id='par_1_15' title="bbox 234 3465 1450 3566">
     <span class='ocr_line' id='line_1_32' title="bbox 234 3465 1450 3566; baseline 0.001 -21"><span class='ocrx_word' id='word_1_258' title='bbox 234 3467 296 3545; x_wconf 91' lang='lat' dir='ltr'>De</span> <span class='ocrx_word' id='word_1_259' title='bbox 324 3465 496 3545; x_wconf 83' lang='lat' dir='ltr'>Aetnae</span> <span class='ocrx_word' id='word_1_260' title='bbox 525 3466 723 3545; x_wconf 87' lang='lat' dir='ltr'>auctoris</span> <span class='ocrx_word' id='word_1_261' title='bbox 753 3487 846 3544; x_wconf 91' lang='lat' dir='ltr'>cum</span> <span class='ocrx_word' id='word_1_262' title='bbox 878 3465 1078 3544; x_wconf 77' lang='lat' dir='ltr'>Lucretio</span> <span class='ocrx_word' id='word_1_263' title='bbox 1109 3465 1450 3566; x_wconf 84' lang='lat' dir='ltr'>conspiratione.</span> 
     </span>
    </p>
   </div>
   <div class='ocr_carea' id='block_1_4' title="bbox 178 3679 1511 4568">
    <p class='ocr_par' dir='ltr' id='par_1_16' title="bbox 179 3679 1511 4210">
     <span class='ocr_line' id='line_1_33' title="bbox 285 3679 1509 3763; baseline 0.001 -19"><span class='ocrx_word' id='word_1_264' title='bbox 285 3679 407 3745; x_wconf 91' lang='lat' dir='ltr'>Paulus</span> <span class='ocrx_word' id='word_1_265' title='bbox 437 3680 638 3744; x_wconf 89' lang='lat' dir='ltr'>Reinholdus</span> <span class='ocrx_word' id='word_1_266' title='bbox 662 3680 833 3763; x_wconf 88' lang='lat' dir='ltr'>Waglerus</span> <span class='ocrx_word' id='word_1_267' title='bbox 863 3680 896 3744; x_wconf 92' lang='lat' dir='ltr'>in</span> <span class='ocrx_word' id='word_1_268' title='bbox 928 3700 967 3746; x_wconf 92' lang='lat' dir='ltr'>ea</span> <span class='ocrx_word' id='word_1_269' title='bbox 998 3679 1255 3762; x_wconf 85' lang='lat' dir='ltr'>quaestiuncula,</span> <span class='ocrx_word' id='word_1_270' title='bbox 1288 3700 1373 3762; x_wconf 92' lang='lat' dir='ltr'>quae</span> <span class='ocrx_word' id='word_1_271' title='bbox 1395 3680 1509 3745; x_wconf 90' lang='lat' dir='ltr'>inscri-</span> 
     </span>
     <span class='ocr_line' id='line_1_34' title="bbox 181 3769 1511 3852; baseline 0.002 -20"><span class='ocrx_word' id='word_1_272' title='bbox 181 3769 267 3834; x_wconf 91' lang='lat' dir='ltr'>bitur</span> <span class='ocrx_word' id='word_1_273' title='bbox 298 3770 355 3848; x_wconf 90' lang='lat' dir='ltr'>‚De</span> <span class='ocrx_word' id='word_1_274' title='bbox 386 3771 492 3834; x_wconf 86' lang='lat' dir='ltr'>Aetna</span> <span class='ocrx_word' id='word_1_275' title='bbox 521 3773 674 3851; x_wconf 70' lang='lat' dir='ltr'>poemate</span> <span class='ocrx_word' id='word_1_276' title='bbox 705 3769 913 3852; x_wconf 84' lang='lat' dir='ltr'>quaestiones</span> <span class='ocrx_word' id='word_1_277' title='bbox 945 3769 1084 3834; x_wconf 86' lang='lat' dir='ltr'>criticae‘</span> <span class='ocrx_word' id='word_1_278' title='bbox 1117 3789 1187 3851; x_wconf 86' lang='lat' dir='ltr'>cap.</span> <span class='ocrx_word' id='word_1_279' title='bbox 1212 3769 1248 3834; x_wconf 90' lang='lat' dir='ltr'>ll.</span> <span class='ocrx_word' id='word_1_280' title='bbox 1305 3769 1362 3847; x_wconf 89' lang='lat' dir='ltr'>‚De</span> <span class='ocrx_word' id='word_1_281' title='bbox 1384 3770 1511 3834; x_wconf 86' lang='lat' dir='ltr'>Aetnae</span> 
     </span>
     <span class='ocr_line' id='line_1_35' title="bbox 179 3857 1510 3942; baseline 0 -19"><span class='ocrx_word' id='word_1_282' title='bbox 179 3863 295 3941; x_wconf 73' lang='lat' dir='ltr'>poetae</span> <span class='ocrx_word' id='word_1_283' title='bbox 328 3877 402 3924; x_wconf 91' lang='lat' dir='ltr'>cum</span> <span class='ocrx_word' id='word_1_284' title='bbox 433 3858 557 3924; x_wconf 88' lang='lat' dir='ltr'>Seneca</span> <span class='ocrx_word' id='word_1_285' title='bbox 588 3859 836 3940; x_wconf 90' lang='lat' dir='ltr'>conspiratione‘</span> <span class='ocrx_word' id='word_1_286' title='bbox 868 3857 1066 3942; x_wconf 84' lang='lat' dir='ltr'>Nehringii¹)</span> <span class='ocrx_word' id='word_1_287' title='bbox 1098 3858 1232 3940; x_wconf 89' lang='lat' dir='ltr'>vestigia</span> <span class='ocrx_word' id='word_1_288' title='bbox 1255 3863 1386 3923; x_wconf 89' lang='lat' dir='ltr'>secutus</span> <span class='ocrx_word' id='word_1_289' title='bbox 1410 3860 1510 3940; x_wconf 91' lang='lat' dir='ltr'>pluri-</span> 
     </span>
     <span class='ocr_line' id='line_1_36' title="bbox 180 3947 1511 4030; baseline 0 -17"><span class='ocrx_word' id='word_1_290' title='bbox 180 3950 242 4013; x_wconf 92' lang='lat' dir='ltr'>bus</span> <span class='ocrx_word' id='word_1_291' title='bbox 265 3948 416 4013; x_wconf 89' lang='lat' dir='ltr'>disseruit</span> <span class='ocrx_word' id='word_1_292' title='bbox 443 3948 541 4030; x_wconf 93' lang='lat' dir='ltr'>idque</span> <span class='ocrx_word' id='word_1_293' title='bbox 565 3948 710 4012; x_wconf 87' lang='lat' dir='ltr'>effecisse</span> <span class='ocrx_word' id='word_1_294' title='bbox 741 3947 802 4012; x_wconf 92' lang='lat' dir='ltr'>sibi</span> <span class='ocrx_word' id='word_1_295' title='bbox 826 3948 914 4012; x_wconf 91' lang='lat' dir='ltr'>visus</span> <span class='ocrx_word' id='word_1_296' title='bbox 945 3953 994 4013; x_wconf 89' lang='lat' dir='ltr'>est</span> <span class='ocrx_word' id='word_1_297' title='bbox 1022 3949 1172 4027; x_wconf 89' lang='lat' dir='ltr'>,Aetnam</span> <span class='ocrx_word' id='word_1_298' title='bbox 1197 3949 1413 4030; x_wconf 86' lang='lat' dir='ltr'>conscriptam</span> <span class='ocrx_word' id='word_1_299' title='bbox 1440 3969 1511 4013; x_wconf 90' lang='lat' dir='ltr'>csse</span> 
     </span>
     <span class='ocr_line' id='line_1_37' title="bbox 180 4037 1510 4120; baseline 0 -18"><span class='ocrx_word' id='word_1_300' title='bbox 180 4039 223 4102; x_wconf 89' lang='lat' dir='ltr'>ab</span> <span class='ocrx_word' id='word_1_301' title='bbox 253 4038 386 4103; x_wconf 86' lang='lat' dir='ltr'>homine</span> <span class='ocrx_word' id='word_1_302' title='bbox 417 4037 526 4120; x_wconf 90' lang='lat' dir='ltr'>aliquo</span> <span class='ocrx_word' id='word_1_303' title='bbox 557 4039 700 4102; x_wconf 86' lang='lat' dir='ltr'>Senecae</span> <span class='ocrx_word' id='word_1_304' title='bbox 731 4037 855 4102; x_wconf 86' lang='lat' dir='ltr'>assecla</span> <span class='ocrx_word' id='word_1_305' title='bbox 885 4058 923 4102; x_wconf 91' lang='lat' dir='ltr'>ac</span> <span class='ocrx_word' id='word_1_306' title='bbox 952 4041 1128 4115; x_wconf 86' lang='lat' dir='ltr'>sectatore,</span> <span class='ocrx_word' id='word_1_307' title='bbox 1159 4037 1214 4118; x_wconf 92' lang='lat' dir='ltr'>qui</span> <span class='ocrx_word' id='word_1_308' title='bbox 1245 4037 1313 4101; x_wconf 91' lang='lat' dir='ltr'>eius</span> <span class='ocrx_word' id='word_1_309' title='bbox 1343 4038 1510 4102; x_wconf 91' lang='lat' dir='ltr'>naturales</span> 
     </span>
     <span class='ocr_line' id='line_1_38' title="bbox 180 4121 1363 4210; baseline -0.001 -19"><span class='ocrx_word' id='word_1_310' title='bbox 180 4127 320 4191; x_wconf 81' lang='lat' dir='ltr'>maxime</span> <span class='ocrx_word' id='word_1_311' title='bbox 345 4127 551 4209; x_wconf 89' lang='lat' dir='ltr'>quaestiones</span> <span class='ocrx_word' id='word_1_312' title='bbox 574 4129 676 4210; x_wconf 88' lang='lat' dir='ltr'>probe</span> <span class='ocrx_word' id='word_1_313' title='bbox 700 4126 828 4208; x_wconf 80' lang='lat' dir='ltr'>legisset</span> <span class='ocrx_word' id='word_1_314' title='bbox 852 4131 884 4190; x_wconf 93' lang='lat' dir='ltr'>et</span> <span class='ocrx_word' id='word_1_315' title='bbox 907 4128 1103 4192; x_wconf 71' lang='lat' dir='ltr'>adamasset*</span> <span class='ocrx_word' id='word_1_316' title='bbox 1129 4121 1162 4206; x_wconf 83' lang='lat' dir='ltr'>(l.</span> <span class='ocrx_word' id='word_1_317' title='bbox 1187 4145 1213 4190; x_wconf 88' lang='lat' dir='ltr'>c.</span> <span class='ocrx_word' id='word_1_318' title='bbox 1238 4147 1270 4209; x_wconf 89' lang='lat' dir='ltr'>p.</span> <span class='ocrx_word' id='word_1_319' title='bbox 1296 4124 1363 4207; x_wconf 76' lang='grc'>60).</span> 
     </span>
    </p>

    <p class='ocr_par' dir='ltr' id='par_1_17' title="bbox 178 4214 1511 4568">
     <span class='ocr_line' id='line_1_39' title="bbox 289 4214 1511 4299; baseline -0.002 -17"><span class='ocrx_word' id='word_1_320' title='bbox 289 4219 398 4299; x_wconf 89' lang='lat' dir='ltr'>Atque</span> <span class='ocrx_word' id='word_1_321' title='bbox 429 4235 630 4298; x_wconf 90' lang='lat' dir='ltr'>quamquam</span> <span class='ocrx_word' id='word_1_322' title='bbox 661 4214 753 4281; x_wconf 89' lang='lat' dir='ltr'>facilc</span> <span class='ocrx_word' id='word_1_323' title='bbox 784 4217 1026 4281; x_wconf 90' lang='lat' dir='ltr'>concedendurn</span> <span class='ocrx_word' id='word_1_324' title='bbox 1058 4220 1106 4280; x_wconf 93' lang='lat' dir='ltr'>est</span> <span class='ocrx_word' id='word_1_325' title='bbox 1137 4215 1222 4280; x_wconf 90' lang='lat' dir='ltr'>inter</span> <span class='ocrx_word' id='word_1_326' title='bbox 1246 4216 1389 4281; x_wconf 89' lang='lat' dir='ltr'>Senecae</span> <span class='ocrx_word' id='word_1_327' title='bbox 1413 4219 1511 4297; x_wconf 90' lang='lat' dir='ltr'>atque</span> 
     </span>
     <span class='ocr_line' id='line_1_40' title="bbox 178 4304 1509 4388; baseline -0.002 -16"><span class='ocrx_word' id='word_1_328' title='bbox 178 4307 305 4372; x_wconf 89' lang='lat' dir='ltr'>Aetnae</span> <span class='ocrx_word' id='word_1_329' title='bbox 330 4305 472 4370; x_wconf 87' lang='lat' dir='ltr'>auctoris</span> <span class='ocrx_word' id='word_1_330' title='bbox 495 4307 655 4371; x_wconf 87' lang='lat' dir='ltr'>naturalis</span> <span class='ocrx_word' id='word_1_331' title='bbox 678 4304 902 4388; x_wconf 90' lang='lat' dir='ltr'>philosophiae</span> <span class='ocrx_word' id='word_1_332' title='bbox 919 4307 1081 4371; x_wconf 88' lang='lat' dir='ltr'>doctrinas</span> <span class='ocrx_word' id='word_1_333' title='bbox 1098 4305 1242 4388; x_wconf 89' lang='lat' dir='ltr'>aliquam</span> <span class='ocrx_word' id='word_1_334' title='bbox 1264 4305 1509 4370; x_wconf 91' lang='lat' dir='ltr'>similitudinem</span> 
     </span>
     <span class='ocr_line' id='line_1_41' title="bbox 179 4394 1509 4473; baseline -0.001 -12"><span class='ocrx_word' id='word_1_335' title='bbox 179 4397 389 4473; x_wconf 90' lang='lat' dir='ltr'>intercedere,</span> <span class='ocrx_word' id='word_1_336' title='bbox 414 4399 526 4460; x_wconf 89' lang='lat' dir='ltr'>tamen</span> <span class='ocrx_word' id='word_1_337' title='bbox 550 4394 676 4461; x_wconf 88' lang='lat' dir='ltr'>Aetnae</span> <span class='ocrx_word' id='word_1_338' title='bbox 699 4399 866 4461; x_wconf 88' lang='lat' dir='ltr'>auctorem</span> <span class='ocrx_word' id='word_1_339' title='bbox 891 4395 1035 4462; x_wconf 86' lang='lat' dir='ltr'>Senecae</span> <span class='ocrx_word' id='word_1_340' title='bbox 1058 4395 1255 4460; x_wconf 91' lang='lat' dir='ltr'>imitatorem</span> <span class='ocrx_word' id='word_1_341' title='bbox 1279 4395 1378 4460; x_wconf 88' lang='lat' dir='ltr'>fuisse</span> <span class='ocrx_word' id='word_1_342' title='bbox 1407 4414 1446 4460; x_wconf 87' lang='lat' dir='ltr'>ex</span> <span class='ocrx_word' id='word_1_343' title='bbox 1471 4415 1509 4460; x_wconf 88' lang='grc'>00</span> 
     </span>
     <span class='ocr_line' id='line_1_42' title="bbox 180 4486 522 4568; baseline -0.006 -17"><span class='ocrx_word' id='word_1_344' title='bbox 180 4486 285 4567; x_wconf 89' lang='lat' dir='ltr'>colligi</span> <span class='ocrx_word' id='word_1_345' title='bbox 308 4504 405 4568; x_wconf 92' lang='lat' dir='ltr'>posse</span> <span class='ocrx_word' id='word_1_346' title='bbox 427 4504 522 4567; x_wconf 82' lang='lat' dir='ltr'>nego</span> 
     </span>
    </p>
   </div>
   <div class='ocr_carea' id='block_1_5' title="bbox 180 4617 394 4626">
    <p class='ocr_par' dir='ltr' id='par_1_18' title="bbox 180 4617 394 4626">
     <span class='ocr_line' id='line_1_43' title="bbox 180 4617 394 4626; baseline -0.009 0"><span class='ocrx_word' id='word_1_347' title='bbox 180 4617 394 4626; x_wconf 73' lang='grc'>---.</span> 
     </span>
    </p>
   </div>
   <div class='ocr_carea' id='block_1_6' title="bbox 181 4673 1512 4874">
    <p class='ocr_par' dir='ltr' id='par_1_19' title="bbox 181 4673 1512 4874">
     <span class='ocr_line' id='line_1_44' title="bbox 181 4673 1512 4804; baseline -0.002 -73"><span class='ocrx_word' id='word_1_348' title='bbox 181 4746 250 4804; x_wconf 57' lang='lat'>1873</span> <span class='ocrx_word' id='word_1_349' title='bbox 288 4673 1260 4803; x_wconf 58' lang='grc' dir='ltr'>’17ὲ110300101110011004000000003οη(10οΡὴί100001101100110110.</span> <span class='ocrx_word' id='word_1_350' title='bbox 1307 4675 1512 4732; x_wconf 78' lang='lat' dir='ltr'>Wolfenbrtttel</span> 
     </span>
     <span class='ocr_line' id='line_1_45' title="bbox 269 4763 1244 4802; baseline 0.001 -30"><span class='ocrx_word' id='word_1_351' title='bbox 269 4763 296 4800; x_wconf 45' lang='lat' dir='ltr'>u·</span> <span class='ocrx_word' id='word_1_352' title='bbox 352 4789 358 4802; x_wconf 42' lang='lat'>·</span> <span class='ocrx_word' id='word_1_353' title='bbox 1231 4763 1244 4773; x_wconf 70' lang='grc'><strong>,</strong></span> 
     </span>
     <span class='ocr_line' id='line_1_46' title="bbox 1378 4817 1408 4874; baseline 0 -26"><span class='ocrx_word' id='word_1_354' title='bbox 1378 4817 1408 4874; x_wconf 61' lang='lat'>3*</span> 
     </span>
    </p>
   </div>
   <div class='ocr_carea' id='block_1_7' title="bbox 0 0 1763 5284">
    <p class='ocr_par' dir='ltr' id='par_1_20' title="bbox 0 0 1763 5284">
     <span class='ocr_line' id='line_1_47' title="bbox 0 0 1763 5284; baseline 0 0"><span class='ocrx_word' id='word_1_355' title='bbox 0 0 1763 5284; x_wconf 95' lang='lat' dir='ltr'> </span> 
     </span>
    </p>
   </div>
  </div>
 </body>
</html>
