3514 5288
676 301 967 377 .-l=6-·

306 485 426 572 Apellis
456 489 614 554 Venerem
650 490 691 554 ab
721 489 868 572 Augusto
903 510 922 554 a
952 488 1026 553 Cois
1061 492 1206 571 emptam
1241 492 1339 573 61666
1374 482 1517 554 Romam

193 579 387 643 translatam
411 597 481 642 esse
504 578 569 642 iam
593 598 692 660 supra
715 579 875 643 monitum
901 582 959 643 est.

304 666 376 746 Quo
413 687 501 732 anno
538 667 657 733 bucula
694 669 837 749 Myronis
867 669 1008 733 Romam
1037 670 1261 750 transportata
1302 667 1353 747 sit,
1392 667 1521 748 ignora·

194 776 283 834 mus;
308 757 385 821 illud
410 757 603 821 confirmare
618 756 812 822 testimoniis
828 777 1013 839 possumus,
1037 757 1119 821 inter
1135 756 1298 821 Ciceronis
1315 760 1346 821 et
1362 756 1520 821 Antonini

194 846 244 911 Pii
267 849 407 911 aetatem
432 865 507 911 eam
521 845 664 910 Romam
686 847 879 911 translatam
903 866 973 911 esse
997 839 1048 928 (61.
1066 846 1301 912 Κ1661111611161
1324 846 1343 910 l.
1361 865 1389 910 c.
1405 865 1437 928 p.
1459 842 1521 924 16).

307 936 350 1000 At
372 935 577 999 Timomachi
601 935 747 1000 Medeam
772 937 837 1000 iam
862 936 1045 1000 aCaesare
1069 936 1227 1000 dictatore
1250 935 1392 1000 Romam
1416 939 1524 1000 trans-

195 1025 297 1090 latam
313 1028 411 1106 atque
435 1024 467 1088 in
484 1025 565 1088 aede
582 1023 714 1088 Veneris
732 1026 909 1091 Genetricis
923 1025 1125 1107 propositam
1151 1044 1222 1089 esse
1237 1025 1361 1089 Plinius
1383 1028 1524 1090 testatur

195 1113 235 1178 N.
265 1113 306 1178 H.
338 1113 396 1190 35,
431 1114 510 1177 136:
547 1114 790 1190 ,Timomaehus
824 1116 998 1198 Byzantius
1033 1112 1181 1179 Caesaris
1211 1114 1377 1179 dictatoris
1413 1117 1521 1180 aetate

195 1203 329 1268 Aiacem
353 1206 385 1266 et
407 1203 556 1267 Medeam
579 1201 722 1285 pinxit1),
748 1205 790 1269 ab
814 1224 853 1268 eo
876 1203 909 1268 in
933 1203 1066 1268 Veneris
1091 1204 1268 1269 Genetricis
1292 1204 1373 1268 aede
1388 1205 1523 1285 positas,

196 1293 359 1374 octoginta
382 1291 513 1356 talentis
536 1292 776 1358 venumdatas‘.
1397 1375 1399 1382 y

308 1382 360 1460 35,
396 1381 456 1445 161
498 1381 572 1461 ,Sed
612 1384 822 1464 praecipuam
861 1383 1088 1447 auctoritatem
1125 1381 1253 1462 publice
1291 1381 1411 1446 tabulis
1449 1381 1525 1446 16611

196 1469 316 1536 Caesar
339 1470 477 1534 dictator
491 1471 591 1536 Aiace
615 1476 646 1535 et
662 1471 777 1537 Medea
800 1477 876 1538 ante
900 1472 1034 1536 Veneris
1049 1472 1227 1537 Genetricis
1244 1469 1360 1537 aedem
1384 1470 1522 1536 dicatis‘.

307 1560 416 1642 Atque
446 1579 520 1624 cum
549 1560 709 1642 tempium
738 1561 872 1625 Veneris
905 1561 1083 1626 Genetricis
1112 1580 1132 1624 a
1162 1559 1300 1626 Caesare
1332 1581 1361 1625 a.
1394 1581 1423 1634 a.
1448 1559 1522 1626 Chr.

196 1669 228 1714 n.
253 1649 295 1713 46
321 1648 464 1712 61661661
487 1649 530 1712 511
553 1644 604 1729 (61.
630 1649 689 1714 Dio
713 1650 766 1727 43,
783 1649 836 1727 Ab,
862 1648 1352 1733 8661.Ο665.16,1Ρ116.,Ν.Η.
1371 1650 1423 1726 35,
1447 1645 1520 1730 156)

196 1738 274 1802 11166
307 1742 435 1802 6665161
465 1737 669 1803 Timomachi
699 1739 847 1808 Medeam
877 1740 962 1803 intra
993 1759 1097 1804 annos
1127 1739 1170 1803 46
1202 1742 1235 1802 61
1263 1739 1308 1803 44
1338 1758 1367 1804 a.
1392 1738 1466 1802 Chr.
1490 1758 1521 1804 n.

196 1828 339 1891 Romam
363 1828 554 1892 translatam
579 1847 661 1891 esse.

307 1916 503 1998 Priusquam
529 1916 613 1981 haec
641 1915 754 1982 tabula
783 1917 926 1981 Romam
956 1917 1115 1982 translata
1147 1920 1206 1995 est,
1237 1917 1257 1981 i.
1282 1937 1311 1980 e.
1336 1920 1422 1982 certe
1446 1920 1522 1982 ante

197 2025 321 2070 annum
345 2006 398 2083 44,
424 2025 555 2071 carmen
578 2007 762 2071 Aetnaeum
787 2007 1004 2088 conscriptum
1030 2011 1087 2071 est.
1117 2006 1187 2070 lam
1204 2025 1278 2070 cum
1294 2006 1373 2071 illud
1389 2007 1525 2070 demon-

198 2099 352 2159 strassem
376 2096 502 2160 Aetnae
532 2100 700 2161 auctorem
730 2096 869 2160 Lucretii
900 2095 998 2160 161556
1030 2096 1236 2170 116116161661,
1266 2100 1443 2180 postquam
1474 2095 1525 2172 ,de

197 2204 307 2248 rerum
331 2185 458 2249 661616ι
482 2184 554 2249 libri
579 2185 655 2250 editi
679 2188 765 2262 sunt,
789 2185 851 2249 hoc
874 2186 1075 2267 poematium
1093 2184 1258 2248 conditum
1284 2203 1354 2248 esse
1377 2188 1523 2266 apparet.

197 2273 237 2338 Et
268 2293 341 2338 6616
377 2295 406 2338 1.
438 2274 614 2338 tat-tua
652 2274 760 2338 locum
796 2275 880 2338 inter
910 2274 1068 2356 Neapoiin
1102 2278 1132 2337 61
1166 2273 1286 2338 Cumas
1321 2274 1435 2350 situm,
1469 2272 1526 2338 ubi

199 2363 497 2442 ,16661651616616ι
522 2363 689 2428 Lucretius
713 2360 777 2442 (Vl,
796 2360 872 2444 747)
901 2363 987 2441 61611,
1013 2363 1133 2441 ,1661115
1157 2364 1223 2427 1616
1246 2363 1397 2445 frigidum
1419 2362 1524 2427 annis‘

164 2482 167 2507 1
197 2471 268 2516 6556
298 2451 424 2517 Aetnae
453 2456 550 2535 poeta
580 2453 730 2530 affirmet,
762 2452 885 2535 aliquot
914 2453 1007 2517 annis
1030 2455 1205 2536 postquam
1235 2453 1403 2518 Lueretius
1435 2451 1524 2529 obiit,

161 2582 164 2608 1
195 2541 215 2608 i.
242 2561 270 2606 e.
300 2545 374 2624 post
405 2561 529 2623 annum
558 2544 601 2609 49
632 2562 661 2607 6.
686 2541 761 2606 Chr.
792 2562 835 2620 6.,
867 2561 932 2624 666
963 2542 1102 2607 Aetnam
1133 2546 1279 2607 montem
1303 2543 1467 2606 insolitum
1492 2542 1526 2606 in

197 2631 331 2695 modum
356 2630 500 2713 erupisse
516 2631 687 2696 Petronius
711 2634 849 2696 testatur
872 2629 922 2713 (ct.
941 2631 1065 2697 Sartor.
1090 2632 1130 2695 de
1146 2631 1417 2697 Waltershausen
1445 2630 1526 2708 ,Der

196 2721 319 2785 Aetna“
347 2721 361 2784 l
385 2720 417 2786 S.
443 2715 520 2803 aot)
544 2721 605 2785 1166
629 2741 759 2786 6611666
784 2721 941 2802 scriptum
964 2741 1041 2784 esse·
1058 2720 1138 2784 mihi
1160 2740 1354 2804 persuasum
1377 2724 1436 2785 est.

309 2809 399 2873 Haec
422 2829 497 2875 mea
521 2810 706 2875 coniectura
730 2809 851 2875 aliare
875 2809 1016 2874 maxime
1039 2811 1198 2874 firmatur.

139 2969 141 2973 ,
308 2898 420 2964 Ρ11166
442 2903 537 2981 post
553 2899 718 2964 Christum
741 2903 856 2964 natum
880 2899 1010 2963 saeculo
1027 2899 1153 2964 Aetnae
1176 2899 1382 2981 eruptionem
1405 2899 1527 2964 1661616

199 3008 269 3052 6556
300 2988 395 3052 661115
425 2988 618 3053 testimoniis
655 2989 841 3054 confirmari
875 3007 940 3052 non
975 2992 1093 3071 potest.
1146 2987 1251 3053 Nemo
1282 3008 1395 3053 eorum
1426 2988 1527 3070 scrip-

198 3083 318 3156 torum,
343 3078 397 3159 qui
422 3077 462 3141 iis
485 3079 685 3160 temporibus
709 3078 869 3156 vixerunt,
900 3078 989 3160 ignes
1020 3077 1184 3142 Aetnaeos
1214 3078 1424 3142 vehementer
1454 3096 1527 3141 eru-

196 3167 283 3248 pisse
307 3168 484 3231 memoriae
507 3168 624 3250 prodit,
649 3167 708 3233 etsi
723 3169 863 3231 Aetnam
889 3171 1035 3231 montem
1057 3167 1233 3232 identidem
1257 3168 1429 3249 attingunt.
1466 3167 1527 3231 At·

199 3276 262 3338 que
286 3255 412 3321 Seneca
434 3256 491 3338 Ep.
510 3258 548 3321 51
577 3257 617 3323 ad
635 3256 793 3322 Lucilium
818 3257 938 3338 scripta
954 3256 994 3320 de
1010 3256 1118 3322 Aetna
1134 3256 1216 3321 haee
1232 3257 1310 3321 dicit
1326 3249 1390 3339 (1);
1409 3255 1527 3335 ,Quem

198 3365 299 3426 quare
322 3345 438 3411 dixerit
452 3346 602 3412 Messalla
626 3346 768 3424 unicum,
793 3345 860 3410 5116
877 3346 1017 3426 Valgius,
1044 3347 1131 3428 apud
1149 3351 1324 3428 utrumque
1341 3346 1428 3409 enim
1444 3345 1525 3426 lego,

197 3454 261 3499 non
285 3436 422 3517 reperio,
446 3455 520 3500 cum
543 3436 683 3519 plurima
705 3435 778 3501 ioca
801 3440 955 3500 evomant
978 3437 1095 3517 ignem,
1120 3455 1184 3500 non
1209 3438 1338 3500 tantum
1362 3435 1525 3500 edita...

198 3524 255 3589 sed
279 3524 377 3589 etiam
402 3525 562 3589 iacentia‘.

308 3613 417 3695 Atque
432 3613 489 3696 Ep.
508 3615 560 3693 79,
585 3634 651 3698 666
667 3613 824 3678 Lucilium
841 3613 1006 3691 admonet,
1023 3618 1068 3690 ut,
1087 3633 1159 3678 cum
1177 3612 1321 3678 Siciliam
1338 3613 1525 3691 circumeat,

197 3704 339 3768 Aetnam
363 3722 493 3784 quoque
517 3703 681 3781 ascendat,
706 3703 785 3768 nihil
809 3703 896 3768 aliud
913 3702 1017 3767 amico
1041 3703 1186 3780 mandat,
1212 3723 1312 3785 quam
1335 3706 1372 3766 ut
1394 3703 1528 3767 1616511-

197 3794 266 3874 get,
297 3793 441 3874 primum
470 3796 582 3857 utrum
611 3793 718 3858 Aetna
747 3812 861 3857 161616
892 3792 1039 3856 subsidat
1070 3811 1188 3870 necne,
1221 3792 1337 3856 deinde
1367 3796 1526 3874 quantum

197 3883 239 3946 ab
263 3881 335 3964 ipso
359 3901 414 3945 ore
439 3883 558 3947 montis
582 3882 672 3946 61165
695 3882 813 3958 absint,
844 3901 927 3963 quas
950 3901 991 3945 ne
1016 3885 1123 3947 aestas
1146 3881 1278 3963 quidem
1302 3880 1418 3946 solvat.
1466 3882 1526 3945 At-

198 3990 261 4052 que
284 3971 442 4036 Lucilium
466 3971 668 4048 adhortatus
693 3971 840 4035 utillum
866 3975 1010 4035 montem
1035 3971 1068 4034 16
1092 3989 1151 4034 566
1176 3971 1319 4036 carmine
1343 3971 1525 4053 attingeret,

196 4060 321 4136 metuit,
346 4080 388 4124 ne
413 4061 530 4136 ,Aetna
553 4061 596 4124 ilii
621 4062 757 4125 salivam
781 4059 922 4126 moveat‘
949 4060 1039 4133 libid.
1066 4057 1108 4139 7).

306 4149 448 4227 Plinius,
480 4170 577 4234 quem
610 4169 739 4214 summo
770 4149 923 4214 cernendi
954 4149 1083 4214 Vesuvii
1117 4150 1316 4232 erumpentis
1351 4149 1524 4231 spectaculi

197 4238 304 4303 studio
328 4243 458 4322 captum
482 4241 552 4322 ipsa
576 4239 698 4321 ignium
723 4239 960 4304 Vesuvinorum
985 4239 1155 4320 eruptione
1183 4234 1227 4322 (a.
1251 4259 1283 4321 p.
1308 4237 1384 4303 Chr.
1408 4259 1440 4303 n.
1467 4239 1525 4320 79)

195 4327 296 4392 111616
321 4326 468 4394 amisisse
493 4333 630 4407 constat,
656 4331 696 4393 de
720 4333 831 4393 monte
854 4328 961 4392 Aetna
986 4327 1063 4391 nihil
1087 4327 1206 4392 insoliti
1229 4328 1339 4394 tradit.

307 4482 327 4554 ¹)
346 4484 467 4540 Plinium
487 4484 516 4540 in
535 4484 588 4539 hoo
607 4501 710 4540 errasse
731 4483 869 4539 Brunnius
889 4482 919 4551 (l.
939 4500 961 4539 e.
981 4483 1017 4538 11.
1036 4502 1062 4554 p.
1086 4483 1134 4538 188
1153 4482 1224 4554 sqq.)
1244 4483 1447 4540 demonstravit
1469 4500 1527 4539 cer·

197 4555 287 4625 115666
313 4558 485 4628 argumentis
511 4555 617 4620 effecit,
644 4556 854 4611 Timomachum
882 4555 1034 4611 Alexandri
1059 4571 1242 4610 successorum
1271 4558 1365 4611 aetate
1393 4554 1526 4610 floruisse.

196 4629 230 4683 61.
250 4627 304 4683 Cic.
323 4628 352 4683 in
372 4628 450 4684 Verr.
469 4628 516 4692 IV,
536 4629 578 4691 60,
599 4629 663 4682 135:
684 4626 766 4698 (Quid
786 4627 975 4698 arbitramini)
994 4627 1141 4696 Cyzicenos
1160 4626 1276 4698 (merere
1295 4627 1386 4698 16116),
1407 4630 1439 4682 61
1459 4627 1523 4681 Aia·

196 4716 256 4756 cem
274 4702 325 4756 aut
343 4700 470 4756 Medeam
489 4699 655 4769 (amittant).
