3514 5288
823 315 1042 382 ...32-

268 498 326 561 des
342 497 471 578 Berges,
496 497 552 560 der
575 495 635 560 auf
654 495 777 560 seinem
795 495 894 560 Lause
917 516 975 559 vor
998 495 1067 560 sich
1090 496 1141 562 die
1158 495 1291 562 Walder
1315 498 1349 563 in
1375 499 1485 566 Brand
1503 505 1601 582 setzt,

268 585 320 649 die
342 585 462 650 Werke
486 585 543 650 der
566 585 741 650 Menschen
763 585 832 650 und
853 585 924 648 ihre
948 585 1062 649 Stddte
1085 586 1255 668 bagrabt“.

378 673 562 739 Retinenda
586 678 634 738 est
658 674 755 757 igitur
777 674 910 755 vulgata
933 673 1045 738 lectio:

270 842 276 848 ι
374 764 469 828 Nunc
492 765 589 829 silvas
612 783 775 846 rupesque
798 765 964 842 vorant,
989 782 1075 829 nunc
1098 768 1186 829 terra
1209 764 1379 848 solumque

379 853 489 936 Ipsum
513 853 640 918 adiutat
662 872 754 935 opus.
841 911 842 914 ,
917 897 919 902 -
1144 897 1145 900 ¹

378 942 470 1008 Haec
491 943 640 1026 proxIma
654 943 766 1020 verba,
791 961 876 1024 quae
891 941 1029 1024 palmari
1044 942 1179 1024 Hauptii
1199 944 1425 1011 emendatione
1441 949 1599 1016 restituta

269 1035 353 1111 sunt,
379 1031 532 1096 illustrari
555 1031 635 1095 mihi
658 1031 807 1096 videntur
831 1031 882 1095 his
904 1029 974 1096 Nic.
998 1030 1153 1114 Specialis
1176 1033 1285 1097 verbis
1313 1033 1345 1116 (l.
1371 1032 1429 1118 ol:

381 1121 464 1200 ,Vidi
488 1140 546 1204 ego
574 1121 682 1185 subito
705 1121 881 1204 ignitam
905 1125 1079 1200 terram,
1104 1141 1204 1203 quam
1234 1123 1371 1204 pedibus
1394 1125 1492 1206 paulo
1517 1132 1599 1194 ante

268 1210 470 1276 calcaveram
495 1259 502 1275 .
528 1260 536 1274 .
562 1260 569 1275 .
598 1229 636 1274 ac
664 1211 754 1275 velut
784 1209 981 1275 alluvionem
1011 1212 1225 1276 excrescentis
1254 1211 1398 1278 fluminis
1423 1222 1594 1284 emanare*

268 1296 321 1381 (cf.
347 1300 538 1383 ,faciemque
562 1299 623 1365 sibi
646 1299 752 1365 induit
775 1292 915 1384 amnis‘).
956 1337 960 1344 =
1064 1293 1067 1300 ’

378 1388 491 1454 XXVI.
528 1409 579 1453 vv.
596 1389 772 1455 5u1-5ua
792 1388 971 1454 coniunctis
995 1389 1089 1472 quasi
1113 1390 1257 1473 Hauptii,
1282 1393 1461 1472 MunroniS,
1485 1396 1596 1461 Baeh-
1728 1409 1729 1414 ’

267 1478 365 1543 rensii
387 1478 509 1542 viribus
533 1479 579 1543 ita
609 1478 774 1544 emendati
797 1482 883 1556 suut,
914 1481 950 1542 ut
980 1498 1036 1543 eos
1065 1479 1183 1544 iterum
1213 1484 1340 1546 tentare
1370 1483 1510 1549 levitatis
1534 1486 1593 1563 sIt;
1724 1514 1728 1583 ζ

267 1569 409 1633 maxime
431 1568 590 1650 probatur
612 1589 643 1633 v.
669 1569 732 1633 523
757 1567 946 1632 Baehrensii
969 1569 1125 1650 palmaris
1149 1569 1351 1636 coniectura:

379 1657 557 1740 ,Utraque
580 1661 617 1722 ut
638 1657 744 1740 possis
767 1657 852 1722 aeris
882 1677 1075 1740 cognoscere
1099 1658 1114 1721 l
1119 1677 1270 1726 ormam
1302 1659 1357 1743 (τ
1382 1659 1587 1742 χαρακτῆρα).

377 1767 408 1811 v.
433 1746 497 1810 526
521 1766 634 1810 omnes
651 1747 801 1824 editores,
827 1745 973 1822 ,vultum‘
991 1746 1079 1828 quod
1094 1746 1120 1811 G
1135 1748 1271 1830 praebet
1286 1749 1338 1814 vel
1356 1749 1476 1830 ,vultu‘,
1501 1749 1586 1832 quod

266 1835 299 1900 in
324 1835 439 1900 ceteris
463 1855 540 1900 mss
565 1835 691 1918 legitur,
715 1835 927 1900 retinuerunt.
985 1835 1065 1900 Illud
1097 1855 1174 1902 vero
1198 1839 1351 1903 omnibus
1382 1840 1588 1922 perspicuum

267 1925 319 2003 sit,
343 1925 451 2008 ignem
475 1925 602 2008 lapidis,
634 1925 660 1989 si
696 1925 740 2002 ,in
763 1925 934 1989 madentes
956 1926 1109 1990 flammas
1144 1926 1324 2008 effluxerit‘,
1358 1929 1494 2007 ,vultum
1517 1948 1591 2011 per·

266 2013 364 2080 dere‘.
420 2016 529 2096 Longe
560 2014 648 2079 enim
679 2014 761 2079 alius
790 2014 899 2080 vultus
930 2014 1045 2097 lapidis
1077 2015 1237 2097 compacti
1267 2036 1305 2082 ac
1337 2017 1501 2100 liquefacti
1532 2022 1592 2083 est.
1722 2075 1723 2086 ,

266 2104 515 2169 Emendandum
537 2104 650 2186 igitur:
677 2122 747 2184 ,nec
770 2103 943 2170 multum
967 2104 1108 2186 perdidit
1130 2102 1235 2187 iguis‘.

377 2189 428 2258 lu'
444 2193 656 2276 sequentibus
693 2192 841 2257 versibus
871 2212 984 2257 omnes
1017 2194 1158 2259 editores
1187 2195 1380 2272 haeserunt;
1411 2195 1508 2260 velim
1539 2215 1590 2260 re·
1718 2198 1720 2283 ,'

266 2283 368 2365 cipias
391 2283 476 2347 hanc
503 2303 612 2348 meam
636 2281 871 2347 coniecturam:
957 2293 960 2298 '
1074 2331 1085 2356 .

376 2372 473 2450 ,Quin
498 2372 596 2437 etiam
620 2376 739 2437 extra
763 2371 797 2436 si
819 2371 980 2435 vultum
1003 2371 1091 2437 calor
1113 2371 1182 2454 ipse
1206 2374 1340 2454 revellit,

375 2461 488 2526 Udove
511 2465 569 2527 aut
592 2464 706 2526 aevost
728 2460 832 2544 putris
856 2461 959 2542 magis
982 2460 1035 2525 ille
1058 2462 1236 2545 magisque,

375 2551 449 2616 Una
471 2552 577 2633 operis
602 2551 699 2616 facies
723 2550 970 2633 eademque,
995 2570 1053 2632 per
1077 2551 1188 2616 omnia
1210 2555 1383 2634 perstat.

375 2639 542 2706 Sententia
565 2641 647 2705 haec
671 2643 736 2706 est:
762 2640 876 2704 Vultus
900 2640 952 2704 ille
976 2640 1107 2722 quidem
1130 2641 1246 2724 lapidis
1268 2662 1331 2707 non
1352 2641 1457 2706 solum
1481 2641 1588 2706 calore

264 2731 320 2794 sed
346 2729 444 2795 etiam
467 2729 606 2794 humore
622 2734 679 2795 aut
695 2731 791 2812 longa
807 2748 968 2793 annorum
986 2730 1067 2794 serie
1084 2731 1204 2795 mutari
1219 2734 1335 2814 potest.
1381 2731 1445 2795 Sed
1461 2731 1587 2809 caloris,
1713 2774 1716 2793 ,

264 2839 379 2902 aquae,
404 2819 477 2884 aevi
493 2816 574 2902 opus
598 2819 684 2884 idem
708 2819 810 2884 valet:
835 2838 912 2883 nam
936 2838 979 2882 ne
992 2818 1093 2883 hilum
1112 2820 1243 2902 quidem
1266 2821 1367 2903 ipsius
1389 2820 1506 2904 lapidis
1525 2819 1589 2884 ele-

264 2913 385 2988 menta,
396 2908 632 2975 utLucretiano
642 2909 743 2973 verbo
753 2911 837 2987 utar,
848 2907 1083 2992 mutant:lapis
1092 2929 1150 2991 per
1160 2911 1271 2977 omnia
1282 2912 1336 2976 illa
1346 2931 1446 2993 opera
1455 2912 1590 2992 perstat.

376 3019 408 3062 v.
431 2998 496 3062 528
518 2997 736 3064 Baehrensius
758 3001 845 3063 recte
870 2996 1002 3076 ,aevost‘
1027 2998 1163 3081 scripsit.
1211 2999 1249 3064 cf.
1275 3000 1368 3066 Luci.
1394 3000 1428 3079 V,
1451 2999 1515 3065 306

375 3088 522 3169 Denique
544 3107 611 3152 non
636 3087 760 3170 lapides
783 3105 917 3169 quoque
936 3086 1021 3151 vinci
1045 3087 1149 3152 cernis
1172 3089 1214 3153 ab
1238 3109 1355 3169 eave,

376 3176 450 3241 Non
474 3176 557 3242 altas
580 3178 678 3241 turris
701 3196 796 3241 ruere
820 3181 853 3240 et
875 3179 1122 3258 putrescere
1146 3183 1267 3243 saxa?

377 3265 504 3330 XXVII.
540 3286 570 3330 v.
596 3267 660 3331 568
685 3266 751 3331 iam
775 3269 861 3331 recte
885 3265 1071 3331 emendavit
1097 3267 1270 3350 Waglerus
1293 3264 1326 3349 (l.
1351 3287 1377 3331 c.
1402 3287 1433 3349 p.
1459 3266 1501 3331 73
1526 3263 1589 3349 sq.)

268 3355 405 3434 ,incendi
428 3355 477 3419 vis
500 3355 599 3420 vincit
623 3355 766 3420 maxima
790 3353 891 3421 saxa‘.
937 3355 1001 3419 Sed
1024 3376 1053 3422 v.
1080 3357 1144 3421 569
1168 3357 1340 3440 legendum
1357 3375 1427 3420 esse
1453 3356 1589 3436 ,magni-
1713 3372 1716 3438 ᾗ

185 3457 188 3464 ’
266 3446 345 3509 ficos
368 3445 492 3526 lapides
509 3442 563 3525 (=
580 3443 714 3528 muros)‘
739 3445 836 3526 idque
851 3445 892 3509 de
908 3445 1079 3510 moenibus
1096 3446 1283 3512 Thebarum
1309 3446 1587 3528 interpretandum

267 3554 338 3599 esse
361 3532 392 3612 (l.
418 3553 445 3598 c.
469 3554 502 3616 p.
525 3530 582 3616 78)
607 3534 687 3599 mihi
709 3534 907 3617 persuadere
930 3554 996 3598 non
1019 3535 1133 3617 potuit.
1179 3537 1265 3601 Nam
1280 3556 1347 3600 non
1371 3536 1477 3600 solum
1501 3554 1590 3599 moe·
1712 3522 1716 3547 '

266 3623 321 3688 nia
344 3623 533 3688 Thebarum
568 3625 744 3705 spectaturi
767 3624 1056 3707 proficiscebantur
1078 3625 1227 3690 homines
1252 3626 1377 3702 curiosi,
1410 3623 1467 3687 sed
1491 3624 1590 3688 etiam

265 3713 327 3778 alia
350 3712 423 3776 visu
454 3712 551 3794 digna
585 3715 619 3776 in
654 3715 759 3796 capite
793 3714 947 3779 Boeotiae
982 3713 1091 3778 oculos
1126 3714 1352 3780 Romanorum
1376 3713 1590 3778 advertebant

264 3799 316 3882 (ci.
340 3823 370 3867 v.
396 3802 461 3866 577
485 3805 517 3866 et
541 3802 629 3878 578).
675 3802 748 3868 lam
777 3823 853 3868 vero
877 3822 942 3867 non
967 3802 1098 3868 Thebas
1122 3805 1207 3869 solas
1239 3802 1440 3868 aRomanis
1471 3801 1590 3884 petitas
1711 3818 1713 3831 ·

263 3894 360 3975 potita
383 3893 505 3968 narrat,
531 3891 589 3955 sed
605 3896 637 3956 et
652 3892 816 3974 Spartam,
840 3892 996 3971 Athenas,
1022 3893 1165 3971 Troiam,
1191 3892 1270 3957 alias
1293 3891 1401 3970 urbes,
1427 3892 1589 3956 clarorum

264 3981 426 4046 artificum
449 3980 576 4045 tabellis
601 3981 739 4063 signisve
763 3982 915 4047 celebres.

374 4069 508 4135 Codices
516 4071 676 4153 praebent
697 4070 841 4151 ,laudes‘,
859 4072 947 4154 quod
963 4071 1048 4135 male
1061 4068 1256 4133 defendebat
1269 4069 1395 4134 Ellisius
1411 4070 1443 4150 (l,
1462 4089 1489 4134 c.
1505 4069 1588 4149 XVI,
1707 4076 1710 4117 ⁵

262 4181 294 4243 p.
321 4156 398 4239 311)
423 4179 498 4224 cum
531 4160 600 4224 coll.
627 4161 720 4244 Verg.
738 4181 845 4245 georg.
870 4160 906 4239 Il,
934 4160 998 4223 174
1015 4159 1136 4223 diceret
1153 4158 1279 4240 ,glories
1295 4159 1316 4224 i.
1333 4178 1361 4224 e.
1379 4163 1587 4224 monuments

263 4249 372 4314 which
405 4250 490 4315 have
524 4251 659 4314 become
693 4252 821 4316 famous
856 4250 889 4314 in
924 4248 980 4312 the
1015 4247 1119 4312 world
1142 4249 1190 4312 lor
1224 4248 1308 4314 their
1337 4248 1589 4331 magnificence‘.

262 4338 420 4422 Equidem
443 4338 533 4404 haud
566 4340 632 4404 scio
663 4361 706 4405 an
736 4339 859 4405 nemini
887 4340 969 4403 haec
999 4336 1223 4420 interpretatio
1254 4339 1427 4421 probetur,
1459 4339 1590 4402 mallem

264 4449 338 4494 cum
363 4429 586 4494 Wernsdorfio
612 4431 810 4512 ,magnificas
834 4427 942 4493 urbes‘
960 4426 1111 4492 scribere.
1159 4428 1199 4494 cf.
1215 4429 1275 4494 Ov.
1292 4429 1388 4494 Pont.
1405 4428 1442 4507 II,
1470 4428 1521 4507 10,
1546 4428 1585 4492 rt

374 4519 422 4582 Te
445 4520 526 4584 duce
551 4519 801 4601 magnificas
825 4517 922 4582 Asiae
945 4517 1170 4599 perspeximus
1194 4520 1330 4584 urbes.

374 4608 515 4673 XXVIII.
552 4629 581 4673 v.
607 4609 668 4673 581
696 4609 728 4673 in
759 4607 909 4673 omnibus
941 4607 1137 4673 editionibus
1167 4610 1213 4674 ila
1244 4609 1382 4692 scriptus
1407 4606 1590 4673 invenitur:

372 4698 413 4764 Et
436 4719 527 4764 sacer
550 4699 584 4762 in
608 4698 729 4763 bellum
753 4717 919 4778 numerus
944 4717 1005 4762 sua
1026 4700 1124 4764 turba
1147 4701 1282 4782 regenti.
1700 4686 1704 4711 ¹
